@String{j-BSTJ          = "The Bell System Technical Journal"}
@String{j-CACM          = "Communications of the Association for Computing Machinery"}
@String{j-SPE           = "Soft{\-}ware\emdash Prac{\-}tice and Experience"}
@String{pub-ANSI        = "American National Standards Institute"}
@String{pub-ANSI:adr    = "1430 Broadway, New York, NY 10018, USA"}
@String{pub-AW          = "Ad{\-d}i{\-s}on-Wes{\-l}ey"}
@String{pub-AW:adr      = "Reading, MA, USA"}
@String{pub-BANTAM      = "Bantam Books"}
@String{pub-BANTAM:adr  = "New York, NY, USA"}
@String{pub-BENCUM      = "Benjamin/Cummings Pub. Co."}
@String{pub-BENCUM:adr  = "Redwood City, CA, USA"}
@String{pub-BRADY       = "Robert J. Brady Co."}
@String{pub-BRADY:adr   = "Bowie, MD 20715, USA"}
@String{pub-CBM         = "CBM Books"}
@String{pub-CBM:adr     = "A Division of Cardinal Business Media Inc., 101 Witmer Road, Horsham, PA 19044, USA"}
@String{pub-CRC         = "CRC Publishers"}
@String{pub-CRC:adr     = "2000 Corporate Blvd., Boca Raton, FL 33431, USA"}
@String{pub-DOUBLEDAY   = "Doubleday"}
@String{pub-DOUBLEDAY:adr = "New York, NY, USA"}
@String{pub-DP          = "Digital Press"}
@String{pub-DP:adr      = "12 Crosby Drive, Bedford, MA 01730, USA"}
@String{pub-FSF         = "{Free} {Software} {Foundation}"}
@String{pub-FSF:adr     = "675 Mass Ave, Cambridge, MA 02139, USA"}
@String{pub-HAYDEN      = "Hayden Books"}
@String{pub-HAYDEN:adr  = "4300 West 62nd Street, Indianapolis, IN 46268, USA"}
@String{pub-HP          = "Hewlett-Packard Company"}
@String{pub-HP:adr      = "Palo Alto, CA, USA"}
@String{pub-HRW         = "Holt, Reinhart, and Winston"}
@String{pub-HRW:adr     = "New York, NY, USA"}
@String{pub-HWS         = "Howard W. Sams"}
@String{pub-HWS:adr     = "Indianapolis, IN 46268, USA"}
@String{pub-IDG         = "IDG Books"}
@String{pub-IDG:adr     = "San Mateo, CA, USA"}
@String{pub-IEEE        = "IEEE Computer Society Press"}
@String{pub-IEEE:adr    = "1109 Spring Street, Suite 300, Silver Spring, MD 20910, USA"}
@String{pub-JWS         = "John Wiley and Sons"}
@String{pub-JWS:adr     = "New York, NY, USA"}
@String{pub-MAC         = "Macmillan Publishing Company"}
@String{pub-MAC:adr     = "New York, NY, USA"}
@String{pub-AP          = "Academic Press"}
@String{pub-AP:adr      = "New York, NY, USA"}
@String{pub-MH          = "Mc{\-}Graw-Hill"}
@String{pub-MH:adr      = "New York, NY, USA"}
@String{pub-MIS         = "MIS Press"}
@String{pub-MIS:adr     = "P. O. Box 5277, Portland, OR 97208-5277, USA"}
@String{pub-MIT         = "MIT Press"}
@String{pub-MIT:adr     = "Cambridge, MA, USA"}
@String{pub-MK          = "Morgan Kaufmann Publishers"}
@String{pub-MK:adr      = "Los Altos, CA 94022, USA"}
@String{pub-MT          = "M\&T Books"}
@String{pub-MT:adr      = "M\&T Publishing, Inc., 501 Galveston Drive, Redwood City, CA 94063, USA"}
@String{pub-NRP         = "New Riders Publishing"}
@String{pub-NRP:adr     = "Carmel, IN, USA"}
@String{pub-OMH         = "Osborne\slash Mc{\-}Graw-Hill"}
@String{pub-OMH:adr     = "Berkeley, CA, USA"}
@String{pub-OR          = "O'Reilly \& {Associates, Inc.}"}
@String{pub-OR:adr      = "981 Chestnut Street, Newton, MA 02164, USA"}
@String{pub-PEACHPIT    = "Peachpit Press, Inc."}
@String{pub-PEACHPIT:adr = "1085 Keith Avenue, Berkeley, CA 94708, USA"}
@String{pub-PH          = "Pren{\-}tice-Hall"}
@String{pub-PH:adr      = "Englewood Cliffs, NJ 07632, USA"}
@String{pub-PPB         = "Professional Press Books"}
@String{pub-PPB:adr     = "101 Witmer Road, Horsham, PA 19044, USA"}
@String{pub-QED         = "QED Information Sciences, Inc."}
@String{pub-QED:adr     = "P. O. Box 82-181, Wellesley, MA 02181, USA"}
@String{pub-SF          = "Scott, Foresman and Company"}
@String{pub-SF:adr      = "Glenview, IL, USA"}
@String{pub-SILICON     = "Silicon Press"}
@String{pub-SILICON:adr = "25 Beverly Road, Summit, NJ 07901, USA"}
@String{pub-SS          = "Simon and Schuster"}
@String{pub-SS:adr      = "New York, NY, USA"}
@String{pub-SSC         = "Specialized Systems Consultants"}
@String{pub-SSC:adr     = "????"}
@String{pub-SUN         = "Sun Microsystems"}
@String{pub-SUN:adr     = "2550 Garcia Avenue, Mountain View, CA 94043, USA"}
@String{pub-SV          = "Spring{\-}er-Ver{\-}lag"}
@String{pub-SV:adr      = "Berlin, Germany~/ Heidelberg, Germany~/ London, UK~/ etc."}
@String{pub-SYBEX       = "Sybex"}
@String{pub-SYBEX:adr   = "2021 Challenger Driver, Suite 100, Alameda, CA 94501, USA"}
@String{pub-TRILITHON   = "Trilithon Press"}
@String{pub-TRILITHON:adr = "Los Altos, CA, USA"}
@String{pub-UNIX        = "UNIX Press"}
@String{pub-UNIX:adr    = "Summit, NJ, USA"}
@String{pub-WI          = "Wiley-In{\-}ter{\-}sci{\-}ence"}
@String{pub-WI:adr      = "New York, NY, USA"}
@String{pub-YOURDON     = "Yourdon Press"}
@String{pub-YOURDON:adr = "Englewood Cliffs, NJ 07632, USA"}


@book{ appel02,
  title =       "Modern Compiler Implementation in Java",
  author = 	"Andrew W. Appel and Jens Palsberg",
  publisher =   "Cambridge University Press",
  year = 	"2002",
  address = 	"The Pitt Building, Trumpington Street, Cambridge CB2 1RP, England",
  edition =	"2",
  isbn10 = {052182060X},
  isbn13 = {978-0521820608},
}

@book{ aho06,
  title =       "Compilers: Principles, Techniques, and Tools",
  author = 	"Alfred V. Aho and Monica S. Lam and Ravi Sethi and Jeffrey D. Ullman",
  publisher =   pub-AW,
  address = 	pub-AW:adr,
  year = 	"2006",
  edition =	"2",
  pages =	"1000",
  isbn10 = {0321486811 },
  isbn13 = {978-0321486813},
}

@book{ parr07,
  title =       "The Definitive ANTLR Reference: Building Domain-Specific Languages",
  author = 	"Terence Parr",
  publisher =   "Pragmatic Bookshelf",
  year = 	"2007",
  address = 	"",
  edition =	"1",
  pages =	"376",
  isbn10 = {0978739256},
  isbn13 = {978-0978739256},
}

@book{ cooper03,
  title =       "Engineering a Compiler",
  author = 	"Keith Cooper and Linda Torczon",
  publisher =   pub-MK,
  year = 	"2003",
  address = 	pub-MK:adr,
  edition =	"1",
  pages =	"801",
  isbn10 = {155860698X},
  isbn13 = {978-1558606982},
}

@book{ muchnick97,
  title =       "Advanced Compiler Design and Implementation",
  author = 	"Steven Muchnick",
  publisher =   pub-MK,
  year = 	"1997",
  address = 	pub-MK:adr,
  edition =	"1",
  pages =	"856",
  isbn10 = {1558603204},
  isbn13 = {978-1558603202},
}

@book{ lexyacc95,
  title =       "lex \& yacc",
  author = 	"Doug Brown and John Levine and Tony Mason",
  publisher =   pub-OR,
  year = 	"1995",
  address = 	pub-OR:adr,
  edition =	"1995",
  pages =	"384",
  isbn10 = {1565920007},
  isbn13 = {978-1565920002},
}

@book{ levine00,
  title =       "Linkers and Loaders",
  author = 	"John R. Levine",
  publisher =   pub-MK,
  year = 	"2000",
  address = 	pub-MK:adr,
  edition =	"1",
  pages =	"256",
  isbn10 = {1558604960},
  isbn13 = {978-1558604964},
}

@book{ appel08,
  title =       "Modern Compiler Implementation in C",
  author = 	"Andrew W. Appel and Maia Ginsburg",
 publisher = {Cambridge University Press},
 address = {New York, NY, USA},
  year = 	"2008",
  edition =	"1",
  pages =	"556",
  isbn10 = {0521607655},
  isbn13 = {978-0521607650},
}

@Book{Lippman:CP91,
  author =       "Stanley B. Lippman",
  title =        "{C++} Primer",
  publisher =    pub-AW,
  year =         "1991",
  address =      pub-AW:adr,
  edition =      "Second",
  ISBNum =         "0-201-54848-8",
  LCCN =         "QA76.73.C15 L57 1991",
  pages =        "xvi + 614",
  acknowledgement = ack-nhfb,
  bibdate =      "Mon Oct  4 15:21:16 1993",
}

@book{ allen01,
  title =       "Optimizing Compilers for Modern Architectures: A Dependence-based Approach",
  author = 	"Randy Allen, Ken Kennedy",
  publisher =   pub-MK,
  year = 	"2001",
  address = 	pub-MK:adr,
  edition =	"1",
  pages =	"816",
  isbn10 = {1558602860},
  isbn13 = {978-1558602861},
}

@book{ hanson95,
  title =       "A Retargetable C Compiler: Design and Implementation",
  author = 	"David R. Hanson and Christopher W. Fraser",
  publisher =   pub-JWS,
  year = 	"1995",
  address = 	pub-JWS:adr,
  edition =	"1",
  pages =	"592",
  isbn10 = {0805316701},
  isbn13 = {978-0805316704},
}

@book{ fischer91,
  title =       "Crafting a Compiler with C",
  author = 	"Charles Fischer Rnd ichard LeBlanc",
  publisher =   pub-AW,
  year = 	"1991",
  address = 	pub-AW:adr,
  edition =	"1",
  pages =	"812",
  isbn10 = {0805321667},
  isbn13 = {},
}

@book{ parsons92,
  title =       "Introduction to Compiler Construction",
  author = 	"Thomas W. Parsons",
  publisher =   "W. H. Freeman",
  year = 	"1992",
  address = 	"41 Madison Avenue, New York, NY 10010",
  edition =	"1",
  pages =	"359",
  isbn10 = {0716782618},
  isbn13 = {978-0716782612},
}

@book{ louden97,
  title =       "Compiler Construction: Principles and Practice",
  author = 	"Kenneth C. Louden",
  publisher =   "PWS Publishing Company",
  year = 	"1997",
  address = 	"20 Park Plaza, Boston, MA 02116",
  edition =	"1",
  pages =	"592",
  isbn10 = {0-534-93972-4},
  isbn13 = {978-0534939724},
}

@book{ shankar08,
  title =       "The Compiler Design Handbook: optimizations and machine code generation",
  editor = 	"Y. N. Srikant and Priti Shankar",
  publisher =   "CRC Press",
  year = 	"2008",
  address = 	"6000 Broken Sound Parkway, NW, Suite 300, Boca Raton, FL 33487-2742",
  edition =	"2",
  isbn13 = {978-1-4200-4382-2},
}

@book{ holub90,
  title =       "Compiler Design in C",
  author = 	"Allen I. Holub",
  publisher =   pub-PH,
  year = 	"1990",
  address = 	pub-PH:adr,
  edition =	"1",
  pages =	"1919",
  isbn10 = {0131550454},
  isbn13 = {978-0131550452},
}

@book{ holmes95,
  title =       "Object-Oriented Compiler Construction",
  author = 	"Jim Holmes",
  publisher =   pub-PH,
  year = 	"1995",
  address = 	pub-PH:adr,
  edition =	"1",
  pages =	"528",
  isbn10 = {013630740X},
  isbn13 = {978-0136307402},
}

@book{ schreiner85,
  title =       "Introduction to Compiler Construction With Unix",
  author = 	"Alex T. Schreiner and H. George Friedman",
  publisher =   pub-PH,
  year = 	"1985",
  address = 	pub-PH:adr,
  edition =	"1",
  pages =	"224",
 isbn = {0-13-474396-2},
  isbn13 = {978-0134743967},
}

@book{ lee75,
  title =       "Anatomy of a Compiler",
  author = 	"John A.N. Lee",
  publisher =   "Van Nostrand Reinhold Company",
  year = 	"1975",
  address = 	"115 Fifth Avenue, NY",
  edition =	"2",
  pages =	"480",
  isbn10 = {0442247338},
  isbn13 = {978-0442247331},
}

@book{Kamin:1990:PLI:78092,
 author = {Kamin, Samuel N.},
 title = {Programming languages: an interpreter-based approach},
 year = {1990},
 isbn = {0-201-06824-9},
 publisher = {Addison-Wesley Longman Publishing Co., Inc.},
 address = {Boston, MA, USA},
} 

@book{Appel:2007:CC:1512932,
 author = {Appel, Andrew W.},
 title = {Compiling with Continuations},
 year = {2007},
 isbn = {052103311X},
 publisher = {Cambridge University Press},
 address = {New York, NY, USA},
} 


@book{ sebesta05,
  title =       "Concepts of Programming Languages",
  author = 	"Robert W. Sebesta",
  publisher =   pub-AW,
  year = 	"2005",
  address = 	pub-AW:adr,
  edition =	"7",
  pages =	"744",
  isbn10 = {0321330250},
  isbn13 = {978-0321330253},
}

@book{ grune07,
  title =       "Parsing Techniques: A Practical Guide",
  author = 	"Dick Grune and Ceriel J. H. Jacobs",
  publisher =   "Ellis Horwood",
  year = 	"2007",
  address = 	"Market Cross House, Cooper Street, Chichester, West Sussex, PO19 1EB, England",
  edition =	"2",
  pages =	"662",
  isbn10 = {038720248X},
  isbn13 = {978-0387202488},
}

@book{ lindholm99,
  title =       "The Java Virtual Machine Specification",
  author = 	"Tim Lindholm and Frank Yellin",
  publisher =   pub-PH,
  year = 	"1999",
  address = 	pub-PH:adr,
  edition =	"2",
  pages =	"496",
  isbn10 = {0201432943},
  isbn13 = {978-0201432947},
}

@book{ hopcroft06,
  title =       "Introduction to Automata Theory, Languages, and Computation",
  author = 	"John E. Hopcroft and Rajeev Motwani and Jeffrey D. Ullman",
  publisher =   pub-AW,
  year = 	"2006",
  address = 	pub-AW:adr,
  edition =	"2",
  pages =	"535",
  isbn10 = {0321462254},
  isbn13 = {978-0321462251},
}

@book{ gries73,
  title =       "Compiler Construction for Digital Computers",
  author = 	"David Gries",
  publisher =   pub-JWS,
  year = 	"1973",
  address = 	pub-JWS:adr,
  edition =	"1",
  pages =	"510",
  isbn10 = {0471327719},
  isbn13 = {978-0471327714},
}

@book{ koopman89,
  title =       "Stack Computers: the new wave",
  author = 	"Philip Koopman",
  publisher =   "Ellis Horwood", 
  year = 	"1998",
  address = 	"",
  edition =	"1",
  pages =	"236",
  press =	{Hamerschlag Press},
  pressyear =	{2007},
  isbn10 = {0745804187},
  isbn13 = {978-0745804187},
}

@book{ muchnick81,
  title =       "Program Flow Analysis: Theory and Applications",
  author = 	"Neil D. Jones and Steven S. Muchnick",
  publisher =   pub-PH,
  year = 	"1981",
  address = 	pub-PH:adr,
  edition =	"1",
  pages =	"418",
  isbn10 = {0137296819},
  isbn13 = {978-0137296811},
}

@book{ meyer97,
  title =       "Java Virtual Machine",
  author = 	"Jon Meyer and Troy Downing",
  publisher =   pub-OR,
  year = 	"1997",
  address = 	pub-OR:adr,
  edition =	"1",
  pages =	"450",
  isbn10 = {1565921941},
  isbn13 = {978-1565921948},
}

@InCollection{Lesk:lex,
  author =       "Michael E. Lesk and Eric Schmidt",
  title =        "Lex: {A} Lexical Analyzer Generator",
  booktitle =    "{UNIX} Programmer's Manual",
  publisher =    pub-HRW,
  address =      pub-HRW:adr,
  year =         "1979",
  volume =       "2",
  pages =        "388--400",
  note =         "AT\&T Bell Laboratories Technical Report in 1975.",
  acknowledgement = ack-nhfb,
  bibdate =      "Mon Oct  4 11:56:17 1993",
  url={http://books.google.pt/books?id=4SFiGwAACAAJ},
}

@InCollection{Johnson:yacc,
  author =       "Steven C. Johnson",
  title =        "Yacc: Yet Another Compiler Compiler",
  booktitle =    "{UNIX} Programmer's Manual",
  publisher =    pub-HRW,
  address =      pub-HRW:adr,
  year =         "1979",
  volume =       "2",
  pages =        "353--387",
  note =         "AT\&T Bell Laboratories Technical Report July 31, 1978.",
  acknowledgement = ack-nhfb,
  bibdate =      "Mon Oct  4 11:55:42 1993",
}

@book{cpl,
 author = {Brian W. Kernighan and Dennis M. Ritchie},
 title = {The  C Programming Language},
 year = {1988},
 isbn = {0131103709},
 edition = {2nd},
 publisher = {Prentice Hall Professional Technical Reference},
} 


@Book{Ellis:ACR90,
  author =       "Margaret A. Ellis and Bjarne Stroustrup",
  title =        "The Annotated {C++} Reference Manual",
  publisher =    pub-AW,
  year =         "1990",
  address =      pub-AW:adr,
  ISBNum =         "0-201-51459-1",
  LCCN =         "QA76.73.C153 E35 1990",
  pages =        "x + 453",
  acknowledgement = ack-nhfb,
}

@Book{Coplien:ACP92,
  author =       "James Coplien",
  title =        "Advanced {C}++ Programming Styles and Idioms",
  publisher =    pub-AW,
  year =         "1992",
  ISBNum =         "0-201-54855-0",
  LCCN =         "QA76.73.C153 C67 1992",
  address =      pub-AW:adr,
  comment =         "An advanced book for any C++ expert-wanna-be.",
  pages =        "xxiv + 520",
  bibdate =      "Tue Sep 28 14:37:02 1993",
  acknowledgement = ack-sk,
}

@book{ patterns,
  title =       "Design Patterns: Elements of Reusable Object-Oriented Software",
  author = 	"Erich Gamma, Richard Helm, Ralph Johnson and John Vlissides",
  publisher =   pub-AW,
  year = 	"1994",
  address = 	pub-AW:adr,
  edition =	"1",
  pages =	"416",
  isbn10 = {0201633612},
  isbn13 = {978-0201633610},
}

@Book{coff,
  author =       "Gintaras R. Gircys",
  title =        "Understanding and Using {COFF}",
  publisher =    pub-OR,
  year =         "1988",
  ISBNum =         "0-937175-31-5",
  LCCN =         "QA76.8.U65 G57 1988",
  address =      pub-OR:adr,
  pages =        "xvii + 176",
  price =        "US\$21.95",
  acknowledgement = ack-nhfb,
  bibdate =      "Mon Jan 3 18:24:14 1994",
  isbn10 = {0-937175-31-5},
  isbn13 = {978-0-937175-31-6},
}

@book{ donnelly03,
  title =       "Bison Manual for Version 1.875",
  author = 	"Charles Donnelly and Richard M. Stallman",
  publisher =   "GNU Press",
  year = 	"2003",
  address = 	"59 Temple Street, Suite 330, Boston, MA 02111-1307",
  edition =	"8",
  pages =	"132",
  isbn10 = {188211423X},
  isbn13 = {978-1882114238},
}

@book{ morgan98,
  title =       "Building an Optimizing Compiler",
  author = 	"Robert Morgan",
  publisher =   "Digital Press",
  year = 	"1998",
  address = 	"200 Wheeler Road, Burlington, MA 01803",
  edition =	"1",
  pages =	"450",
  isbn10 = {155558179X},
  isbn13 = {978-1555581794},
}

@book{ debug96,
  title =       "How Debuggers Work: Algorithms, Data Structures, and Architecture",
  author = 	"Jonathan B. Rosenberg",
  publisher =   pub-JWS,
  year = 	"1996",
  address = 	pub-JWS:adr,
  edition =	"1",
  pages =	"272",
  isbn10 = {0471149667},
  isbn13 = {978-0471149668},
}

@book{ gdb08,
  title =       "The Art of Debugging with GDB, DDD, and Eclipse",
  author = 	"Norman Matloff and Peter Jay Salzman",
  publisher =   "No Starch Press",
  year = 	"2008",
  address = 	"555 De Haro Street, Suite 250, San Francisco, CA94107",
  edition =	"1",
  pages =	"280",
  isbn10 = {1593271743},
  isbn13 = {978-1593271749},
}

@book{ mak91,
  title =       "Writing Compilers and Interpreters: an Applied Approach",
  author = 	"Ronald Mak",
  publisher =   "John Wiley",
  year = 	"1991",
  address = 	"New York",
  edition =	"1",
  pages =	"516",
  isbn10 = {047150968X},
  isbn13 = {978-0471509684},
}

@book{gosling96,
 author = {Gosling, James and Joy, Bill and Steele, Guy L.},
 title = {The  Java Language Specification},
 year = {1996},
 isbn = {0201634511},
 edition = {1st},
 publisher = {Addison-Wesley Longman Publishing Co., Inc.},
 address = {Boston, MA, USA},
} 

@phdthesis{ llvm:msc,
 author =      "Chris Lattner",
 title =       "LLVM: An Infrastructure for Multi-Stage Optimization",
 school =      "University of Illinois at Urbana-Champaign",
 year =        "2002",
 address =     "Urban",
 month =       dec,
}

@inproceedings{Lattner04,
 author = {Lattner, Chris and Adve, Vikram},
 title = {LLVM: A Compilation Framework for Lifelong Program Analysis \& Transformation},
 booktitle = {Proceedings of the International Symposium on Code Generation and Optimization: Feedback-directed and Runtime Optimization},
  series = {CGO '04},
 year = {2004},
 address = {Palo Alto, California},
 pages = {75--},
 publisher = {IEEE Computer Society},
} 

@techreport{ lang:b,
 author =      "The Programming Language B",
 title =       "S. Johnson and B. Kernighan",
 institution = "Bell Labs",
 month =       jan,
 year =        "1973",
 address =     "Murray Hill NJ, USA",
 note =        "Technical Report CS TR 8",
}

@article{Fraser:1991b,
 author = {Fraser, Christopher W. and Hanson, David R.},
 title = {A Code Generation Interface for ANSI C},
 journal = {Softw. Pract. Exper.},
 issue_date = {Sept. 1991},
 volume = {21},
 number = {9},
 month = aug,
 year = {1991},
 issn = {0038-0644},
 pages = {963--988},
 numpages = {26},
 url = {http://dx.doi.org/10.1002/spe.4380210906},
 doi = {10.1002/spe.4380210906},
 acmid = {119297},
 publisher = {John Wiley \& Sons, Inc.},
 address = {New York, NY, USA},
 keywords = {ANSIC, code generation, compilers, intermediate languages},
}

@techreport{lcc4,
author = {Fraser, Christopher W. and Hanson, David R.},
title = {The lcc 4.x Code-Generation Interface},
year = {2001},
month = {July},
url = {https://www.microsoft.com/en-us/research/publication/the-lcc-4-x-code-generation-interface/},
pages = {25},
number = {MSR-TR-2001-64},
 institution = "Microsoft Inc.",
note = {The report posted here is a corrected version posted in June 2003.},
}

@inproceedings{Proebsting:2002,
 author = {Proebsting, Todd},
 title = {BURG, IBURG, WBURG, GBURG: So Many Trees to Rewrite, So Little Time},
 booktitle = {Proceedings of the 2002 ACM SIGPLAN Workshop on Rule-based Programming},
 series = {RULE '02},
 year = {2002},
 isbn = {1-58113-606-4},
 location = {Pittsburgh, Pennsylvania},
 pages = {53--54},
 numpages = {2},
 url = {http://doi.acm.org/10.1145/570186.570191},
 doi = {10.1145/570186.570191},
 acmid = {570191},
 publisher = {ACM},
 address = {New York, NY, USA},
}

@article{Fraser:gen92,
 author = {Fraser, Christopher W. and Hanson, David R. and Proebsting, Todd A.},
 title = {Engineering a Simple, Efficient Code-generator Generator},
 journal = {ACM Lett. Program. Lang. Syst.},
 issue_date = {Sept. 1992},
 volume = {1},
 number = {3},
 month = sep,
 year = {1992},
 issn = {1057-4514},
 pages = {213--226},
 numpages = {14},
 url = {http://doi.acm.org/10.1145/151640.151642},
 doi = {10.1145/151640.151642},
 acmid = {151642},
 publisher = {ACM},
 address = {New York, NY, USA},
 keywords = {Icon programming language, code generation, code-generator generator, dynamic programming, tree pattern matching},
}

@article{Fraser:burg,
 author = {Fraser, Christopher W. and Henry, Robert R. and Proebsting, Todd A.},
 title = {BURG: Fast Optimal Instruction Selection and Tree Parsing},
 journal = {SIGPLAN Not.},
 issue_date = {April 1992},
 volume = {27},
 number = {4},
 month = apr,
 year = {1992},
 issn = {0362-1340},
 pages = {68--76},
 numpages = {9},
 url = {http://doi.acm.org/10.1145/131080.131089},
 doi = {10.1145/131080.131089},
 acmid = {131089},
 publisher = {ACM},
 address = {New York, NY, USA},
}

@article{Fraser:spill,
 author = {Fraser, Christopher W. and Hanson, David R.},
 title = {Simple Register Spilling in a Retargetable Compiler},
 journal = {Softw. Pract. Exper.},
 issue_date = {Jan. 1992},
 volume = {22},
 number = {1},
 month = jan,
 year = {1992},
 issn = {0038-0644},
 pages = {85--99},
 numpages = {15},
 url = {http://dx.doi.org/10.1002/spe.4380220105},
 doi = {10.1002/spe.4380220105},
 acmid = {138690},
 publisher = {John Wiley \& Sons, Inc.},
 address = {New York, NY, USA},
 keywords = {ANS IC, code generation, compilers, register allocation, register spilling},
}

@article{Fraser:1991,
 author = {Fraser, Christopher W.},
 title = {A Retargetable Compiler for ANSI C},
 journal = {SIGPLAN Not.},
 issue_date = {Oct. 1991},
 volume = {26},
 number = {10},
 month = oct,
 year = {1991},
 issn = {0362-1340},
 pages = {29--43},
 numpages = {15},
 url = {http://doi.acm.org/10.1145/122616.122621},
 doi = {10.1145/122616.122621},
 acmid = {122621},
 publisher = {ACM},
 address = {New York, NY, USA},
}

@article{Evans:2003,
 author = {Evans, William S. and Fraser, Christopher W.},
 title = {Grammar-based Compression of Interpreted Code},
 journal = {Commun. ACM},
 issue_date = {August 2003},
 volume = {46},
 number = {8},
 month = aug,
 year = {2003},
 issn = {0001-0782},
 pages = {61--66},
 numpages = {6},
 url = {http://doi.acm.org/10.1145/859670.859699},
 doi = {10.1145/859670.859699},
 acmid = {859699},
 publisher = {ACM},
 address = {New York, NY, USA},
}

@book{Stallman:2009,
 author = {Stallman, Richard M. and GCC DeveloperCommunity},
 title = {Using The Gnu Compiler Collection: A Gnu Manual For Gcc Version 4.3.3},
 year = {2009},
 isbn = {144141276X, 9781441412768},
 publisher = {CreateSpace},
 address = {Paramount, CA},
}

@book{Stallman:2018,
 author = {Stallman, Richard M. and GCC DeveloperCommunity},
 title = {GCC 8.0 GNU Compiler Collection Internals},
 year = {2018},
 isbn = {1680921878, 978-1680921878},
 publisher = {12th Media Services},
 address = {Suwanee, GA},
}
"From Source to Binary: The Inner Workings of GCC", Red Hat Magazine, number 2, Dec 2004.

@article{redhat04,
 author = {Diego Novillo},
 title = {From Source to Binary: The Inner Workings of GCC},
 journal = {Red Hat Magazine},
 number = {2},
 month = dec,
 year = {2004},
}

@article{Tanenbaum83,
 author = {Tanenbaum, A., van Staveren, H., Keizer E., Stevenson J.},
 title = {A Practical Tool Kit For Making Portable Compilers},
 journal = {Commun. ACM},
 issue_date = {September 1983},
 volume = {26},
 number = {9},
 month = sep,
 year = {1983},
 issn = {0001-0782},
 pages = {654--660},
 numpages = {6},
 doi = {doi:10.1145/358172.358182},
 publisher = {ACM},
 address = {New York, NY, USA},
}

@article{Poletto:1999,
 author = {Poletto, Massimiliano and Hsieh, Wilson C. and Engler, Dawson R. and Kaashoek, M. Frans},
 title = {C and Tcc: A Language and Compiler for Dynamic Code Generation},
 journal = {ACM Trans. Program. Lang. Syst.},
 issue_date = {March 1999},
 volume = {21},
 number = {2},
 month = mar,
 year = {1999},
 issn = {0164-0925},
 pages = {324--369},
 numpages = {46},
 url = {http://doi.acm.org/10.1145/316686.316697},
 doi = {10.1145/316686.316697},
 acmid = {316697},
 publisher = {ACM},
 address = {New York, NY, USA},
 keywords = {ANSI C, compilers, dynamic code generation, dynamic code optimization},
 note = {lcc based compiler for ANSI C superset},
} 

@inproceedings{Wheeler:2005,
 author = {David A. Wheeler},
 title = {Countering Trusting Trust through Diverse Double-Compiling (DDC)},
 booktitle = {Proceedings of the Twenty-First Annual Computer Security Applications Conference (ACSAC)},
 year = {2005},
 isbn = {0-7695-2461-3},
 issn = {1063-9527},
 location = {Tucson, Arizona},
 pages = {28--40},
 publisher = {ACM},
 address = {New York, NY, USA},
}

@article{Tanenbaum:1983,
 author = {Tanenbaum, Andrew S. and van Staveren, Hans and Keizer, E. G. and Stevenson, Johan W.},
 title = {A Practical Tool Kit for Making Portable Compilers},
 journal = {Commun. ACM},
 issue_date = {Sept. 1983},
 volume = {26},
 number = {9},
 month = sep,
 year = {1983},
 issn = {0001-0782},
 pages = {654--660},
 numpages = {7},
 url = {http://doi.acm.org/10.1145/358172.358182},
 doi = {10.1145/358172.358182},
 acmid = {358182},
 publisher = {ACM},
 address = {New York, NY, USA},
 keywords = {compiler, interpreter, portability, translator},
}

@article{sandeep:2000,
 author = {Sandeep Dutta},
 title = {Anatomy of a compiler},
 journal = {Cirtcuit Cellar Magazine},
 issue_date = {Aug. 2000},
 volume = {121},
 month = aug,
 year = {2000},
 issn = {1528-0608},
 pages = {30--35},
 numpages = {6},
 publisher = {Circuit Cellar Inc.},
 address = {Vernon, CT},
 keywords = {sdcc},
}

@inproceedings{Johnson:1978,
 author = {Johnson, S. C.},
 title = {A Portable Compiler: Theory and Practice},
 booktitle = {Proceedings of the 5th ACM SIGACT-SIGPLAN Symposium on Principles of Programming Languages},
 series = {POPL '78},
 year = {1978},
 location = {Tucson, Arizona},
 pages = {97--104},
 numpages = {8},
 url = {http://doi.acm.org/10.1145/512760.512771},
 doi = {10.1145/512760.512771},
 acmid = {512771},
 publisher = {ACM},
 address = {New York, NY, USA},
}
