% BibTeX database for the MSc_Thesis.tex

%%%%%%%%%%%%%%%%%%%%%%%%%%%%%%%%%%%%%%%%%%%%%%%%%%%%%%%%%%
% TEMPLATES
%%%%%%%%%%%%%%%%%%%%%%%%%%%%%%%%%%%%%%%%%%%%%%%%%%%%%%%%%%

%%%%% An article from a journal or magazine.
%
%article{
%  % Required fields:
%  author  = {},
%  title   = {},
%  journal = {},
%  year    = {},
%  % Optional fields:
%  volume  = {},
%  number  = {},
%  pages   = {},
%  month   = {},
%  note    = {}
%}
%
%%%%% A book with an explicit publisher.
%
%book{
%  % Required fields:
%  author    = {}, % or editor
%  editor    = {},
%  title     = {},
%  publisher = {},
%  year      = {},
%  % Optional fields:
%  volume    = {},
%  number    = {},
%  series    = {},
%  address   = {},
%  edition   = {},
%  month     = {},
%  note      = {}
%}
%
%%%%% A work that is printed and bound, but without a named publisher or sponsoring institution.
%
%booklet{
%  % Required field:
%  title        = {},
%  % Optional fields:
%  author       = {},
%  howpublished = {},
%  address      = {},
%  month        = {},
%  year         = {},
%  note         = {}
%}
%
%%%%% The same as INPROCEEDINGS}, included for Scribe compatibility.
%
%conference{
%}
%
%%%%% A part of a book, which may be a chapter (or section or whatever) and/or a range of pages.
%
%inbook{
%  % Required fields:
%  author    = {}, % or editor
%  editor    = {},
%  title     = {},
%  chapter   = {}, % and/or pages
%  pages     = {},
%  publisher = {},
%  year      = {},
%  % Optional fields:
%  volume    = {}, % or number
%  number    = {},
%  series    = {},
%  type      = {},
%  address   = {},
%  edition   = {},
%  month     = {},
%  note      = {}
%}
%
%%%%% A part of a book having its own title.
%
%incollection{
%  % Required fields:
%  author    = {},
%  title     = {},
%  booktitle = {},
%  publisher = {},
%  year      = {},
%  % Optional fields:
%  editor    = {},
%  volume    = {}, % or number
%  number    = {},
%  series    = {},
%  type      = {},
%  chapter   = {},
%  pages     = {},
%  address   = {},
%  edition   = {},
%  month     = {},
%  note      = {}
%}
%
%%%%% An article in a conference proceedings.
%
%inproceedings{
%  % Required fields:
%  author       = {},
%  title        = {},
%  booktitle    = {},
%  year         = {},
%  % Optional fields:
%  editor       = {},
%  volume       = {}, % or number
%  number       = {},
%  series       = {},
%  pages        = {},
%  address      = {},
%  month        = {},
%  organization = {},
%  publisher    = {},
%  note         = {}
%}
%
%%%%% Technical documentation.
%
%manual{
%  % Required field:
%  title        = {},
%  % Optional fields:
%  author       = {},
%  organization = {},
%  address      = {},
%  edition      = {},
%  month        = {},
%  year         = {},
%  note         = {}
%}
%
%%%%% A Master's thesis.
%
%mastersthesis{
%  % Required fields:
%  author  = {},
%  title   = {},
%  school  = {},
%  year    = {},
%  % Optional fields:
%  type    = {},
%  address = {},
%  month   = {},
%  note    = {}
%}
%
%%%%% Use this type when nothing else fits.
%
%misc{
%  % Required fields: none.
%  % Optional fields:
%  author       = {},
%  title        = {},
%  howpublished = {},
%  month        = {},
%  year         = {},
%  note         = {}
%}
%
%%%%% A PhD thesis.
%
%phdthesis{
%  % Required fields:
%  author  = {},
%  title   = {},
%  school  = {},
%  year    = {},
%  % Optional fields:
%  type    = {},
%  address = {},
%  month   = {},
%  note    = {}
%}
%
%%%%% The proceedings of a conference.
%
%proceedings{
%  % Required fields:
%  title        = {},
%  year         = {},
%  % Optional fields:
%  editor       = {},
%  volume       = {}, % or number
%  number       = {},
%  series       = {},
%  address      = {},
%  month        = {},
%  organization = {},
%  publisher    = {},
%  note         = {},
%}
%
%%%%% A report published by a school or other institution, usually numbered within a series.
%
%techreport{
%  % Required fields:
%  author      = {},
%  title       = {},
%  institution = {},
%  year        = {},
%  % Optional fields:
%  type        = {},
%  number      = {},
%  address     = {},
%  month       = {},
%  note        = {}
%}
%
%%%%% A document having an author and title, but not formally published.
%
%unpublished{
%  % Required fields:
%  author = {},
%  title  = {},
%  note   = {},
%  % Optional fields:
%  month  = {},
%  year   = {}
%}

%%%%%%%%%%%%%%%%%%%%%%%%%%%%%%%%%%%%%%%%%%%%%%%%%%%%%%%%%%
% References
%%%%%%%%%%%%%%%%%%%%%%%%%%%%%%%%%%%%%%%%%%%%%%%%%%%%%%%%%%

@ARTICLE{jiao:obj_survey,
    author={L. {Jiao} and F. {Zhang} and F. {Liu} and S. {Yang} and L. {Li} and Z. {Feng} and R. {Qu}},
    journal={IEEE Access},
    title={A Survey of Deep Learning-Based Object Detection},
    year={2019},
    volume={7},
    number={},
    pages={128837-128868},
    doi={10.1109/ACCESS.2019.2939201},
    ISSN = {}, 
    month={}
} %ISSN={2169-3536},

@article{liu:obj_survey,
  title={Deep Learning for Generic Object Detection: A Survey},
  author={Li Liu and Wanli Ouyang and Xiaogang Wang and Paul W. Fieguth and Jie Chen and Xinwang Liu and Matti Pietik{\"a}inen},
  journal={International Journal of Computer Vision},
  year={2018},
  pages={1 - 58}
}

@ARTICLE{zhao:obj_survey,
    author={Z. {Zhao} and P. {Zheng} and S. {Xu} and X. {Wu}},
    journal={IEEE Transactions on Neural Networks and Learning Systems},
    title={Object Detection With Deep Learning: A Review},
    year={2019},
    volume={30},
    number={11},
    pages={3212-3232},
    ISSN={2162-2388},
    month={Nov}
} %doi={10.1109/TNNLS.2018.2876865},

@article{unlu:real_app,
  title={Deep learning-based strategies for the detection and tracking of drones using several cameras},
  author={Eren Unlu and Emmanuel Zenou and N. Riviere and Paul-Edouard Dupouy},
  journal={IPSJ Transactions on Computer Vision and Applications},
  year={2019},
  volume={11},
  pages={1-13}
}

@article{ramesh:real_app,
   author  = {R. Simhambhatla and K. Okiah and S. Kuchkula and R. Slater},
   title   = {Self-Driving Cars: Evaluation of Deep Learning Techniques for Object Detection in Different Driving Conditions},
   journal = {SMU Data Science Review},
   year    = {2019},
   volume  = {2},
   number  = {1}
}
@article{Mahony:trad,
   author  = {N. O' Mahony and S. Campbell and A. Carvalho and S. Harapanahalli and G. Velasco-Hernandez and L. Krpalkova and D. Riordan and J. Walsh},
   title   = {Deep Learning vs. Traditional Computer Vision},
   journal = {Advances in Computer Vision Proceedings of the 2019 Computer Vision Conference (CVC)},
   year    = {2019},
   pages   = {128--144},
   month   = oct
} %doi     = {10.1007/978-3-030-17795-9}

@article{feng:obj_survey,
   author  = {X. Feng and Y. Jiang and X. Yang and M. Du and X. Li},
   title   = {Computer vision algorithms and hardware implementations: A survey},
   journal = {Integration},
   year    = {2019},
   volume  = {69},
   pages   = {309--320},
   ISSN    = {0167-9260},
   note    = {doi:10.1016/j.vlsi.2019.07.005}
}

@inproceedings{ma:loop_opt,
     author = {Ma, Yufei and Cao, Yu and Vrudhula, Sarma and Seo, Jae-sun},
     title = {Optimizing Loop Operation and Dataflow in FPGA Acceleration of Deep Convolutional Neural Networks},
     booktitle = {Proceedings of the 2017 ACM/SIGDA International Symposium on Field-Programmable Gate Arrays},
     series = {FPGA '17},
     year = {2017},
     pages = {45--54},
     numpages = {10},
     publisher = {ACM},
} %doi = {10.1145/3020078.3021736},

\begin{comment}
@INPROCEEDINGS{chang:gpu,
    author={X. {Chang} and H. {Pan} and D. {Zhang} and Q. {Sun} and W. {Lin}},
    booktitle={2019 IEEE 28th International Symposium on Industrial Electronics (ISIE)},
    title={A Memory-Optimized and Energy-Efficient CNN Acceleration Architecture Based on FPGA},
    year={2019},
    volume={},
    number={},
    pages={2137-2141},
    doi={10.1109/ISIE.2019.8781162},
    ISSN={2163-5137},
    month={June}
}
\end{comment}

@ARTICLE{sze:dnn_survey,
    author={V. {Sze} and Y. {Chen} and T. {Yang} and J. S. {Emer}},
    journal={Proceedings of the IEEE},
    title={Efficient Processing of Deep Neural Networks: A Tutorial and Survey},
    year={2017},
    volume={105},
    number={12},
    pages={2295-2329},
    ISSN={1558-2256},
    month={Dec}
} %doi={10.1109/JPROC.2017.2761740},

@misc{Abdelouahab:dnn_survey,
    Author = {Kamel Abdelouahab and Maxime Pelcat and Jocelyn Serot and Fran√ßois Berry},
    Title = {Accelerating CNN inference on FPGAs: A Survey},
    Year = {2018},
    Eprint = {arXiv:1806.01683},
}

@misc{Guo:dnn_survey,
Author = {Kaiyuan Guo and Shulin Zeng and Jincheng Yu and Yu Wang and Huazhong Yang},
Title = {A Survey of FPGA-Based Neural Network Accelerator},
Year = {2017},
Eprint = {arXiv:1712.08934},
}

@inproceedings{lopes:versat,
  title={Versat, a Minimal Coarse-Grain Reconfigurable Array},
  author={Jo{\~a}o D. Lopes and Jos{\'e} T. Sousa},
  booktitle={VECPAR},
  year={2016}
}

@article{long:fpga_demo,
   author  = {X. Long and S. Hu and Y. Hu and Q. Gu and I. Ishii},
   title   = {An FPGA-Based Ultra-High-Speed Object Detection Algorithm with Multi-Frame Information Fusion},
   journal = {Sensors},
   year    = {2019},
   volume  = {19},
   doi = {10.3390/s19173707}
}

@INPROCEEDINGS{bochem:fpga_demo,
    author={A. {Bochem} and K. B. {Kent} and R. {Herpers}},
    booktitle={2011 22nd IEEE International Symposium on Rapid System Prototyping},
    title={FPGA based real-time object detection approach with validation of precision and performance},
    year={2011},
    volume={},
    number={},
    pages={9-15},
    doi={10.1109/RSP.2011.5929969},
    ISSN={2150-5500},
    month={May}
}

@article{llorente:fpga_demo,
   author  = {C. A. Llorente and E. P. Dadios and J. B. Monzon and W. E. De Leon},
   title   = {FPGA-based Object Detection and Classification of an Image},
   journal = {International Journal of Engineering \& Technology},
   year    = {2018},
   volume  = {7},
   pages   = {83--86},
   number={4}
}

@misc{Redmon2018YOLOv3AI,
    Author = {Joseph Redmon and Ali Farhadi},
    Title = {YOLOv3: An Incremental Improvement},
    Year = {2018},
    Eprint = {arXiv:1804.02767},
}

@misc{Redmon2015YouOL,
    Author = {Joseph Redmon and Santosh Divvala and Ross Girshick and Ali Farhadi},
    Title = {You Only Look Once: Unified, Real-Time Object Detection},
    Year = {2015},
    Eprint = {arXiv:1506.02640}
}

@inproceedings{Nakahara2018ALY,
  title={A Lightweight YOLOv2: A Binarized CNN with A Parallel Support Vector Regression for an FPGA},
  author={Hiroki Nakahara and Haruyoshi Yonekawa and Tomoya Fujii and Shimpei Sato},
  booktitle={FPGA '18},
  year={2018}
}

@ARTICLE{duy,
    author={D. T. {Nguyen} and T. N. {Nguyen} and H. {Kim} and H. 
    {Lee}},
    journal={IEEE Transactions on Very Large Scale Integration (VLSI) Systems},
    title={A High-Throughput and Power-Efficient FPGA Implementation of YOLO CNN for Object Detection},
    year={2019},
    volume={27},
    number={8},
    pages={1861-1873},
    ISSN={1557-9999},
    month={Aug},
}

@article{Wai2018,
    title = {Fixed Point Implementation of Tiny-Yolo-v2 using OpenCL on FPGA},
    journal = {International Journal of Advanced Computer Science and Applications},
    doi = {10.14569/IJACSA.2018.091062},
    url = {http://dx.doi.org/10.14569/IJACSA.2018.091062},
    year = {2018},
    publisher = {The Science and Information Organization},
    volume = {9},
    number = {10},
    author = {Yap June Wai and Zulkalnain bin Mohd Yussof and Sani Irwan bin Salim and Lim Kim Chuan},
}

@misc{fpga,
    author       = {Avnet},
    title        = {Kintex UltraScale
        KU040 Development Board: Hardware User Guide},
    month        = {December},
    year         = {2015},
}

@inproceedings{zhang:fpga_acc,
    author = {Zhang, Chen and Li, Peng and Sun, Guangyu and Guan, Yijin and Xiao, Bingjun and Cong, Jason},
    title = {Optimizing FPGA-Based Accelerator Design for Deep Convolutional Neural Networks},
    year = {2015},
    booktitle = {Proceedings of the 2015 ACM/SIGDA International Symposium on Field-Programmable Gate Arrays},
    pages = {161‚Äì170},
    numpages = {10},
    keywords = {fpga, roofline model, convolutional neural network, acceleration},
} %doi = {10.1145/2684746.2689060},

@inproceedings{suda:fpga_acc,
    author = {Suda, Naveen and Chandra, Vikas and Dasika, Ganesh and Mohanty, Abinash and Ma, Yufei and Vrudhula, Sarma and Seo, Jae-sun and Cao, Yu},
    title = {Throughput-Optimized OpenCL-Based FPGA Accelerator for Large-Scale Convolutional Neural Networks},
    year = {2016},
    booktitle = {Proceedings of the 2016 ACM/SIGDA International Symposium on Field-Programmable Gate Arrays},
    pages = {16‚Äì25},
    numpages = {10},
} %doi = {10.1145/2847263.2847276},

@inproceedings{qiu:fpga_acc,
    author = {Qiu, Jiantao and Wang, Jie and Yao, Song and Guo, Kaiyuan and Li, Boxun and Zhou, Erjin and Yu, Jincheng and Tang, Tianqi and Xu, Ningyi and Song, Sen and et al.},
    title = {Going Deeper with Embedded FPGA Platform for Convolutional Neural Network},
    year = {2016},
    booktitle = {Proceedings of the 2016 ACM/SIGDA International Symposium on Field-Programmable Gate Arrays},
    pages = {26‚Äì35},
    numpages = {10},
} %doi = {10.1145/2847263.2847265},

@article{alexnet_cgra,
  title={An energy-efficient coarse grained spatial architecture for convolutional neural networks AlexNet},
  author={Boya Zhao and Mingjiang Wang and Ming Liu},
  journal={IEICE Electronics Express},
  volume={14},
  number={15},
  pages={20170595-20170595},
  year={2017}
} %doi={10.1587/elex.14.20170595}

@ARTICLE{auto_tuning_cgra,
    author={I. {Bae} and B. {Harris} and H. {Min} and B. {Egger}},
    journal={IEEE Transactions on Computer-Aided Design of Integrated Circuits and Systems},
    title={Auto-Tuning CNNs for Coarse-Grained Reconfigurable Array-Based Accelerators},
    year={2018},
    volume={37},
    number={11},
    pages={2301-2310},
    doi={10.1109/TCAD.2018.2857278},
    ISSN={1937-4151},
    month={Nov},
}

@mastersthesis{valter:deep_versat,
  author  = {Valter M√°rio},
  title   = {Deep Versat: A Deep Coarse Grain Reconfigurable Array},
  school  = {Instituto Superior T√©cnico},
  year    = {2019},
  type    = {},
  address = {},
  month   = {November},
  note    = {}
}

@misc{camera,
    author       = {OmniVision},
    title        = {OV7670 CMOS VGA (640x480) CameraChip Implementation Guide},
    month        = {September},
    year         = {2005},
}

@misc{hdmi,
    author       = {AnalogDevices},
    title        = {Low-Power HDMI 1.4 Compatible Transmitter with Audio Return Channel: Programming Guide},
    month        = {March},
    year         = {2012},
}

@book{color_conversion,
    author = {Jack, Keith},
    title = {Video Demystified: A Handbook for the Digital Engineer, 5th Edition},
    year = {2007},
    isbn = {0750683953},
    publisher = {Newnes},
    address = {USA},
    edition = {5th}
}