% BibTeX database for the MSc_Thesis.tex

%%%%%%%%%%%%%%%%%%%%%%%%%%%%%%%%%%%%%%%%%%%%%%%%%%%%%%%%%%
% TEMPLATES
%%%%%%%%%%%%%%%%%%%%%%%%%%%%%%%%%%%%%%%%%%%%%%%%%%%%%%%%%%

%%%%% An article from a journal or magazine.
%
%article{
%  % Required fields:
%  author  = {},
%  title   = {},
%  journal = {},
%  year    = {},
%  % Optional fields:
%  volume  = {},
%  number  = {},
%  pages   = {},
%  month   = {},
%  note    = {}
%}
%
%%%%% A book with an explicit publisher.
%
%book{
%  % Required fields:
%  author    = {}, % or editor
%  editor    = {},
%  title     = {},
%  publisher = {},
%  year      = {},
%  % Optional fields:
%  volume    = {},
%  number    = {},
%  series    = {},
%  address   = {},
%  edition   = {},
%  month     = {},
%  note      = {}
%}
%
%%%%% A work that is printed and bound, but without a named publisher or sponsoring institution.
%
%booklet{
%  % Required field:
%  title        = {},
%  % Optional fields:
%  author       = {},
%  howpublished = {},
%  address      = {},
%  month        = {},
%  year         = {},
%  note         = {}
%}
%
%%%%% The same as INPROCEEDINGS}, included for Scribe compatibility.
%
%conference{
%}
%
%%%%% A part of a book, which may be a chapter (or section or whatever) and/or a range of pages.
%
%inbook{
%  % Required fields:
%  author    = {}, % or editor
%  editor    = {},
%  title     = {},
%  chapter   = {}, % and/or pages
%  pages     = {},
%  publisher = {},
%  year      = {},
%  % Optional fields:
%  volume    = {}, % or number
%  number    = {},
%  series    = {},
%  type      = {},
%  address   = {},
%  edition   = {},
%  month     = {},
%  note      = {}
%}
%
%%%%% A part of a book having its own title.
%
%incollection{
%  % Required fields:
%  author    = {},
%  title     = {},
%  booktitle = {},
%  publisher = {},
%  year      = {},
%  % Optional fields:
%  editor    = {},
%  volume    = {}, % or number
%  number    = {},
%  series    = {},
%  type      = {},
%  chapter   = {},
%  pages     = {},
%  address   = {},
%  edition   = {},
%  month     = {},
%  note      = {}
%}
%
%%%%% An article in a conference proceedings.
%
%inproceedings{
%  % Required fields:
%  author       = {},
%  title        = {},
%  booktitle    = {},
%  year         = {},
%  % Optional fields:
%  editor       = {},
%  volume       = {}, % or number
%  number       = {},
%  series       = {},
%  pages        = {},
%  address      = {},
%  month        = {},
%  organization = {},
%  publisher    = {},
%  note         = {}
%}
%
%%%%% Technical documentation.
%
%manual{
%  % Required field:
%  title        = {},
%  % Optional fields:
%  author       = {},
%  organization = {},
%  address      = {},
%  edition      = {},
%  month        = {},
%  year         = {},
%  note         = {}
%}
%
%%%%% A Master's thesis.
%
%mastersthesis{
%  % Required fields:
%  author  = {},
%  title   = {},
%  school  = {},
%  year    = {},
%  % Optional fields:
%  type    = {},
%  address = {},
%  month   = {},
%  note    = {}
%}
%
%%%%% Use this type when nothing else fits.
%
%misc{
%  % Required fields: none.
%  % Optional fields:
%  author       = {},
%  title        = {},
%  howpublished = {},
%  month        = {},
%  year         = {},
%  note         = {}
%}
%
%%%%% A PhD thesis.
%
%phdthesis{
%  % Required fields:
%  author  = {},
%  title   = {},
%  school  = {},
%  year    = {},
%  % Optional fields:
%  type    = {},
%  address = {},
%  month   = {},
%  note    = {}
%}
%
%%%%% The proceedings of a conference.
%
%proceedings{
%  % Required fields:
%  title        = {},
%  year         = {},
%  % Optional fields:
%  editor       = {},
%  volume       = {}, % or number
%  number       = {},
%  series       = {},
%  address      = {},
%  month        = {},
%  organization = {},
%  publisher    = {},
%  note         = {},
%}
%
%%%%% A report published by a school or other institution, usually numbered within a series.
%
%techreport{
%  % Required fields:
%  author      = {},
%  title       = {},
%  institution = {},
%  year        = {},
%  % Optional fields:
%  type        = {},
%  number      = {},
%  address     = {},
%  month       = {},
%  note        = {}
%}
%
%%%%% A document having an author and title, but not formally published.
%
%unpublished{
%  % Required fields:
%  author = {},
%  title  = {},
%  note   = {},
%  % Optional fields:
%  month  = {},
%  year   = {}
%}

%%%%%%%%%%%%%%%%%%%%%%%%%%%%%%%%%%%%%%%%%%%%%%%%%%%%%%%%%%
% References
%%%%%%%%%%%%%%%%%%%%%%%%%%%%%%%%%%%%%%%%%%%%%%%%%%%%%%%%%%

@manual{ad1896,
    organization  ={Analog Devices},
    title         ={192 kHz Stereo Asynchronous Sample Rate Converter},
    number        ={AD1896},
    year          ={2003},
    month         ={March},    
    note          ={Rev. A}
}

@manual{src4194,
    organization  ={Burr-Brown Products from Texas Instruments},
    title         ={4-Channel, Asynchronous Sample Rate Converter},
    number        ={SRC4194},
    year          ={2004},
    month         ={June},    
    note          ={Rev. B}
}

@manual{cwda52,
    organization  ={coreworks},
    title         ={Multi-Channel Audio Sample Rate Converters},
    number        ={CWda52},
    year          ={2016},
    month         ={June}
}

@book{crochiere:multirate,
  title={Multirate Digital Signal Processing},
  author={Crochiere, R.E. and Rabiner, L.R.},
  isbn={9780136051626},
  lccn={82023113},
  series={Prentice-Hall Signal Processing Series: Advanced monographs},
  year={1983},
  publisher={Prentice-Hall}
}

@book{Mitra:HDSP,
 editor = {Mitra, Sanjit K. and Kaiser, James F.},
 title = {Handbook for Digital Signal Processing},
 year = {1993},
 isbn = {0471619957},
 edition = {1st},
 publisher = {John Wiley \& Sons, Inc.},
 address = {New York, NY, USA},
}

@inproceedings{ad:asrc,
  author       = {P. {Beckman} and T. {Stilson}},
  title        = {An Efficient Asynchronous Sampling-Rate Conversion Algorithm for Multi-Channel Audio Applications},
  booktitle    = {AES Convention Papers Forum},
  year         = {2005},
  number       = {6553},
  month        = {October}
}

@inproceedings{blok:fdfilter,
author={M. {Blok}},
booktitle={2012 Federated Conference on Computer Science and Information Systems (FedCSIS)},
title={Fractional delay filter design for sample rate conversion},
year={2012},
pages={701-706},
keywords={delay filters;signal classification;signal sampling;fractional delay filter design;sample rate conversion algorithm;arbitrary resampling ratio;classification methods;offset window method;polyphase decomposition;Delay;Interpolation;Computational efficiency;Algorithm design and analysis;Design methodology;Passband},
month={September},
}

@ARTICLE{Laakso:sud,
author={T. I. {Laakso} and V. {Valimaki} and M. {Karjalainen} and U. K. {Laine}},
journal={IEEE Signal Processing Magazine},
title={Splitting the unit delay [FIR/all pass filters design]},
year={1996},
volume={13},
number={1},
pages={30-60},
keywords={all-pass filters;digital filters;delay circuits;modems;synchronisation;signal sampling;signal resolution;signal synthesis;musical instruments;music;linear predictive coding;speech coding;approximation theory;FIR filters;fractional delay filter;unit delay;bandlimited interpolation;signal processing;array processing;communications;speech processing;music technology;allpass filter design;FIR filter design;bandlimited approximation;fractional digital delay;fast coefficient update;continuous control;performance;implementation complexity;algorithms;digital modems synchronisation;incommensurate sampling rate conversion;high-resolution pitch prediction;sound synthesis;musical instruments;Finite impulse response filter;Delay;Band pass filters;Array signal processing;Digital filters;Interpolation;Speech processing;Multiple signal classification;Communication system control;Signal processing algorithms},
doi={10.1109/79.482137},
ISSN={},
month={Jan},
}

@misc{beckmann:easrcmcaa,
  author       = {Paul Beckmann and Timothy Stilson},
  title        = {An efficient asynchronous sampling-rate conversion
  algorithm for multi-channel audio applications},
  howpublished = {Presented at the 119th AES Convention},
  month        = {October},
  year         = {2005}
}

@ARTICLE{kootsookos:firapproxfd,
author={P. J. {Kootsookos} and R. C. {Williamson}},
journal={IEEE Transactions on Circuits and Systems II: Analog and Digital Signal Processing},
title={FIR approximation of fractional sample delay systems},
year={1996},
volume={43},
number={3},
pages={269-271},
keywords={FIR filters;discrete time filters;signal sampling;array signal processing;delay circuits;time-domain analysis;interpolation;frequency-domain analysis;binomial distribution;fractional sample delay systems;FIR approximation;fractional delays;time-domain Lagrangian interpolation;frequency-domain maximally flat error criterion;window method;maximal flatness;scaled binomial function;sensor array beamforming;discrete time signals;discrete time FIR filters;Finite impulse response filter;Delay systems;Sensor arrays;H infinity control;Lagrangian functions;Sampling methods;Frequency response;Interpolation;Filter bank;Australia Council},
doi={10.1109/82.486473},
ISSN={},
month={March},}

@INPROCEEDINGS{Tseng:firfdsnr,
author={C. {Tseng} and S. {Lee}},
booktitle={2013 Asia-Pacific Signal and Information Processing Association Annual Summit and Conference},
title={Design of FIR fractional delay filter based on maximum signal-to-noise ratio criterion},
year={2013},
volume={},
number={},
pages={1-8},
keywords={delay filters;eigenvalues and eigenfunctions;FIR filters;frequency response;matrix algebra;maximum signal-to-noise ratio criterion;noise attenuation;frequency response;optimal filter coefficient;eigenvector;eigenvalue;SNR;FIR fractional delay filter design;Finite impulse response filters;Delays;Signal to noise ratio;Vectors;Wiener filters},
doi={10.1109/APSIPA.2013.6694180},
ISSN={},
month={Oct},}

@INPROCEEDINGS{laakso:pfdfilter,
author={V. {Valimaki} and T. I. {Laakso}},
booktitle={2000 IEEE International Conference on Acoustics, Speech, and Signal Processing. Proceedings (Cat. No.00CH37100)},
title={Principles of fractional delay filters},
year={2000},
volume={6},
number={},
pages={3870-3873 vol.6},
keywords={delay filters;FIR filters;IIR filters;time-varying filters;signal sampling;interpolation;fine-tuning;sampling frequency;actual sampling instants;digital fractional delay filters;sampling instants;bandlimited interpolation;overview;design techniques;applications;IIR approximation;FIR approximation;Sampling methods;Filters;Frequency estimation;Speech coding;Speech synthesis;Transducers;Antenna arrays;Delay effects;Delay estimation;Frequency synthesizers},
doi={10.1109/ICASSP.2000.860248},
ISSN={},
month={June},}

@INPROCEEDINGS{Yardin:Perffdf,
author={A. {Yardin} and G. D. {Cain} and A. {Lavergne}},
booktitle={1997 IEEE International Conference on Acoustics, Speech, and Signal Processing},
title={Performance of fractional-delay filters using optimal offset windows},
year={1997},
volume={3},
number={},
pages={2233-2236 vol.3},
keywords={signal sampling;filtering theory;delays;circuit optimisation;FIR filters;digital filters;fractional delay filters performance;optimal offset windows;asymmetric FIR impulse response sequences;fractional delay elements;modified raised cosine window;sinc fractional-sample delays;digital filters;signal processing;Finite impulse response filter;Delay;Magnetic separation;Signal processing;Bandwidth;Frequency measurement;Control systems;Sensor systems and applications;Particle measurements;Signal sampling},
doi={10.1109/ICASSP.1997.599495},
ISSN={},
month={April},}

@article{charanjit:impl,
author = {CHARANJIT, SINGH and Patterh, Manjeet and Sharma, Sanjay},
year = {2011},
month = {01},
pages = {},
title = {Efficient Implementation of Sample Rate Converter},
volume = {1},
journal = {International Journal of Advanced Computer Sciences and Applications},
doi = {10.14569/IJACSA.2010.010606}
}

@article{hogenauer,
author = {Hogenauer, Eugene},
year = {1981},
month = {05},
pages = {155 - 162},
title = {An economical class of digital filters for decimation and interpolation},
volume = {29},
journal = {Acoustics, Speech and Signal Processing, IEEE Transactions on},
doi = {10.1109/TASSP.1981.1163535}
}

@INPROCEEDINGS{aikawa:kernel,
author={Y. {Mori} and N. {Aikawa}},
booktitle={Proceedings of the 6th Nordic Signal Processing Symposium, 2004. NORSIG 2004.},
title={Kernel using piecewise nth polynomials for rate converter},
year={2004},
volume={},
number={},
pages={57-60},
keywords={Kernel;Polynomials;Sampling methods;Interpolation;Filter bank;Design methodology;Signal sampling;Tin;Educational institutions;Convolution},
doi={},
ISSN={null},
month={June},}

@INPROCEEDINGS{aikawa:kernel_hw,
author={N. {Aikawa} and Y. {Mori}},
booktitle={2003 IEEE International Conference on Acoustics, Speech, and Signal Processing, 2003. Proceedings. (ICASSP '03).},
title={Kernel with block structure for sampling rate converter},
year={2003},
volume={6},
number={},
pages={VI-269},
keywords={transient response;signal sampling;channel bank filters;polynomial approximation;filter banks;digital signal processing;computational complexity;block structure;impulse response;polynomial approximation;sampling section;arbitrary fractional sampling rate conversion;Kernel;Sampling methods;Filter bank;Polynomials;Signal sampling;Computational complexity;Attenuation;Digital signal processing;Audio tapes;Interpolation},
doi={10.1109/ICASSP.2003.1201670},
ISSN={1520-6149},
month={April},}

@INPROCEEDINGS{Farrow:farrow_structure,
author={C. W. {Farrow}},
booktitle={1988., IEEE International Symposium on Circuits and Systems},
title={A continuously variable digital delay element},
year={1988},
volume={},
number={},
pages={2641-2645 vol.3},
keywords={delay circuits;digital filters;digital signal processing chips;filtering and prediction theory;FIR filters;digital filters;digital delay element;band-limited signal;digital signal processor;real-time DSP;Nyquist rate;variable delay filter;Clocks;Finite impulse response filter;Modems;Digital signal processing;Echo cancellers;Signal generators;Digital filters;Delay lines;Transmitters;Analog-digital conversion},
doi={10.1109/ISCAS.1988.15483},
ISSN={null},
month={June},}

@inproceedings{Blok:VariableRS,
  title={Variable Ratio Sample Rate Conversion Based on Fractional Delay Filter},
  author={Marek Blok and Piotr Drozda},
  year={2015}
}

@INPROCEEDINGS{babic:farrow_optimization,
author={D. {Babic} and J. {Vesma} and T. {Saramaki} and M. {Renfors}},
booktitle={2002 IEEE International Symposium on Circuits and Systems. Proceedings (Cat. No.02CH37353)},
title={Implementation of the transposed Farrow structure},
year={2002},
volume={4},
number={},
pages={IV-IV},
keywords={antialiasing;poles and zeros;discrete time filters;digital filters;transposed Farrow structure;sampling rate increase;arbitrary sampling rates;anti-aliasing properties;transfer zeros;integer multiples;discrete-time filter structures;output sampling rate;polynomial function;Polynomials;Signal sampling;Filters;Sampling methods;Interpolation;Image sampling;Signal processing;Frequency domain analysis;Frequency synchronization;Digital signal processing},
doi={10.1109/ISCAS.2002.1010374},
ISSN={null},
month={May},}

@misc{picorv32,
  author = {Clifford Wolf et al.},
  title = {PicoRV32 - A Size-Optimized RISC-V CPU},
  year = {2015},
  publisher = {GitHub},
  journal = {GitHub repository},
  howpublished = {\url{https://github.com/cliffordwolf/picorv32}}
}