% BibTeX database for the MSc_Thesis.tex

%%%%%%%%%%%%%%%%%%%%%%%%%%%%%%%%%%%%%%%%%%%%%%%%%%%%%%%%%%
% TEMPLATES
%%%%%%%%%%%%%%%%%%%%%%%%%%%%%%%%%%%%%%%%%%%%%%%%%%%%%%%%%%

%%%%% An article from a journal or magazine.
%
%article{
%  % Required fields:
%  author  = {},
%  title   = {},
%  journal = {},
%  year    = {},
%  % Optional fields:
%  volume  = {},
%  number  = {},
%  pages   = {},
%  month   = {},
%  note    = {}
%}
%
%%%%% A book with an explicit publisher.
%
%book{
%  % Required fields:
%  author    = {}, % or editor
%  editor    = {},
%  title     = {},
%  publisher = {},
%  year      = {},
%  % Optional fields:
%  volume    = {},
%  number    = {},
%  series    = {},
%  address   = {},
%  edition   = {},
%  month     = {},
%  note      = {}
%}
%
%%%%% A work that is printed and bound, but without a named publisher or sponsoring institution.
%
%booklet{
%  % Required field:
%  title        = {},
%  % Optional fields:
%  author       = {},
%  howpublished = {},
%  address      = {},
%  month        = {},
%  year         = {},
%  note         = {}
%}
%
%%%%% The same as INPROCEEDINGS}, included for Scribe compatibility.
%
%conference{
%}
%
%%%%% A part of a book, which may be a chapter (or section or whatever) and/or a range of pages.
%
%inbook{
%  % Required fields:
%  author    = {}, % or editor
%  editor    = {},
%  title     = {},
%  chapter   = {}, % and/or pages
%  pages     = {},
%  publisher = {},
%  year      = {},
%  % Optional fields:
%  volume    = {}, % or number
%  number    = {},
%  series    = {},
%  type      = {},
%  address   = {},
%  edition   = {},
%  month     = {},
%  note      = {}
%}
%
%%%%% A part of a book having its own title.
%
%incollection{
%  % Required fields:
%  author    = {},
%  title     = {},
%  booktitle = {},
%  publisher = {},
%  year      = {},
%  % Optional fields:
%  editor    = {},
%  volume    = {}, % or number
%  number    = {},
%  series    = {},
%  type      = {},
%  chapter   = {},
%  pages     = {},
%  address   = {},
%  edition   = {},
%  month     = {},
%  note      = {}
%}
%
%%%%% An article in a conference proceedings.
%
%inproceedings{
%  % Required fields:
%  author       = {},
%  title        = {},
%  booktitle    = {},
%  year         = {},
%  % Optional fields:
%  editor       = {},
%  volume       = {}, % or number
%  number       = {},
%  series       = {},
%  pages        = {},
%  address      = {},
%  month        = {},
%  organization = {},
%  publisher    = {},
%  note         = {}
%}
%
%%%%% Technical documentation.
%
%manual{
%  % Required field:
%  title        = {},
%  % Optional fields:
%  author       = {},
%  organization = {},
%  address      = {},
%  edition      = {},
%  month        = {},
%  year         = {},
%  note         = {}
%}
%
%%%%% A Master's thesis.
%
%mastersthesis{
%  % Required fields:
%  author  = {},
%  title   = {},
%  school  = {},
%  year    = {},
%  % Optional fields:
%  type    = {},
%  address = {},
%  month   = {},
%  note    = {}
%}
%
%%%%% Use this type when nothing else fits.
%
%misc{
%  % Required fields: none.
%  % Optional fields:
%  author       = {},
%  title        = {},
%  howpublished = {},
%  month        = {},
%  year         = {},
%  note         = {}
%}
%
%%%%% A PhD thesis.
%
%phdthesis{
%  % Required fields:
%  author  = {},
%  title   = {},
%  school  = {},
%  year    = {},
%  % Optional fields:
%  type    = {},
%  address = {},
%  month   = {},
%  note    = {}
%}
%
%%%%% The proceedings of a conference.
%
%proceedings{
%  % Required fields:
%  title        = {},
%  year         = {},
%  % Optional fields:
%  editor       = {},
%  volume       = {}, % or number
%  number       = {},
%  series       = {},
%  address      = {},
%  month        = {},
%  organization = {},
%  publisher    = {},
%  note         = {},
%}
%
%%%%% A report published by a school or other institution, usually numbered within a series.
%
%techreport{
%  % Required fields:
%  author      = {},
%  title       = {},
%  institution = {},
%  year        = {},
%  % Optional fields:
%  type        = {},
%  number      = {},
%  address     = {},
%  month       = {},
%  note        = {}
%}
%
%%%%% A document having an author and title, but not formally published.
%
%unpublished{
%  % Required fields:
%  author = {},
%  title  = {},
%  note   = {},
%  % Optional fields:
%  month  = {},
%  year   = {}
%}

%%%%%%%%%%%%%%%%%%%%%%%%%%%%%%%%%%%%%%%%%%%%%%%%%%%%%%%%%%
% References
%%%%%%%%%%%%%%%%%%%%%%%%%%%%%%%%%%%%%%%%%%%%%%%%%%%%%%%%%%
@book{mnielsen:nnanddl,
  author    = {Michael A. Nielsen},
  title     = {Neural Networks and Deep Learning},
  publisher = {Determination Press},
  year      = {2015}
}
%  note      = {Online book, introduction to neural networks using the handwritten digits example. Chapter 6 is about convolutional neural networks}

@article{lecun:handwritten_zipcodes89,
	author={Y. {LeCun} and B. {Boser} and J. S. {Denker} and D. {Henderson} and R. E. {Howard} and W. {Hubbard} and L. D. {Jackel}},
	journal={Neural Computation},
	title={Backpropagation Applied to Handwritten Zip Code Recognition},
	year={1989},
	volume={1},
	number={4},
	pages={541-551},
	keywords={},
	doi={10.1162/neco.1989.1.4.541},
	ISSN={0899-7667},
	month={Dec},}



@article{lecun:seminalconvnet,
  author  = {Yann LeCun and LÃ©on Bottou and Yoshua Bengio and Patrick Haffner},
  title   = {Gradient-Based Learning Applied to Document Recognition},
  journal = {Proceedings of IEEE},
  year    = {1998},
  volume  = {86},
  number  = {11},
  pages   = {2278 - 2324},
  month   = {November}
}

%  note    = {according to MNielsen of chapter 6, is a seminal paper on convolutional networks}
%}
@article{sze:dnn_tutorial,
  author  = {Vivienne Sze and Yu-Hsin Chen and Tien-Ju Yang and Joel S. Emer},
  title   = {Efficient Processing of Deep Neural Networks: A Tutorial and Survey},
  journal = {Proceedings of IEEE},
  year    = {2017},
  volume  = {105},
  number  = {12},
  pages   = {2295 - 2329},
  month   = {December}
}
%  note    = {2017 Survey about convolutional networks, very good introduction to DNNs}
%}

@article{hal:accelCNNonFPGA,
  author    = {Kamel Abdelouahab and
               Maxime Pelcat and
               Jocelyn S{\'{e}}rot and
               Fran{\c{c}}ois Berry},
  title     = {Accelerating {CNN} inference on FPGAs: {A} Survey},
  journal   = {CoRR},
  volume    = {abs/1806.01683},
  year      = {2018},
  url       = {http://arxiv.org/abs/1806.01683},
  archivePrefix = {arXiv},
  eprint    = {1806.01683},
  timestamp = {Mon, 13 Aug 2018 16:47:13 +0200},
  biburl    = {https://dblp.org/rec/bib/journals/corr/abs-1806-01683},
  bibsource = {dblp computer science bibliography, https://dblp.org}
}
% note = {very short background on CNN theory, focused on computation techniques to accelerate CCNs}

@article{Ma:80_OptDataflow_in_CNN,
	author={Y. {Ma} and Y. {Cao} and S. {Vrudhula} and J. {Seo}},
	journal={IEEE Transactions on Very Large Scale Integration (VLSI) Systems},
	title={Optimizing the Convolution Operation to Accelerate Deep Neural Networks on FPGA},
	year={2018},
	volume={26},
	number={7},
	pages={1354-1367},
	keywords={convolution;field programmable gate arrays;neural nets;optimisation;hardware CNN accelerator;design space;loop unrolling;accelerator architecture;dataflow;convolution loop optimization;hardware design phase;design objectives;multiple design variables;convolution operation;accelerate deep neural networks;convolutional neural network;convolution acceleration scheme;FPGA;data communication;resource utilization;Convolution;Acceleration;Field programmable gate arrays;Computer architecture;System-on-chip;Hardware;Optimization;Accelerator architectures;convolutional neural networks (CNNs);field-programmable gate array (FPGA);neural network hardware},
	doi={10.1109/TVLSI.2018.2815603},
	ISSN={1557-9999},
	month={July},}


@article{gou:surveyInferenceAccel,
 author = {Guo, Kaiyuan and Zeng, Shulin and Yu, Jincheng and Wang, Yu and Yang, Huazhong},
 title = {[DL] A Survey of FPGA-based Neural Network Inference Accelerators},
 journal = {ACM Trans. Reconfigurable Technol. Syst.},
 issue_date = {April 2018},
 volume = {12},
 number = {1},
 month = mar,
 year = {2019},
 issn = {1936-7406},
 pages = {2:1--2:26},
 articleno = {2},
 numpages = {26},
 url = {http://doi.acm.org/10.1145/3289185},
 doi = {10.1145/3289185},
 acmid = {3289185},
 publisher = {ACM},
 address = {New York, NY, USA},
 keywords = {FPGA architecture, neural network, parallel processing},
} 
% note = {}

@inproceedings{AlexNetKrizhevsky:2012,
	author = {Krizhevsky, Alex and Sutskever, Ilya and Hinton, Geoffrey E.},
	title = {ImageNet Classification with Deep Convolutional Neural Networks},
	booktitle = {Proceedings of the 25th International Conference on Neural Information Processing Systems - Volume 1},
	series = {NIPS'12},
	year = {2012},
	location = {Lake Tahoe, Nevada},
	pages = {1097--1105},
	numpages = {9},
	url = {http://dl.acm.org/citation.cfm?id=2999134.2999257},
	acmid = {2999257},
	publisher = {Curran Associates Inc.},
	address = {USA},
} 

@article{ImageNet2012_ILSVRC15,
	Author = {Olga Russakovsky and Jia Deng and Hao Su and Jonathan Krause and Sanjeev Satheesh and Sean Ma and Zhiheng Huang and Andrej Karpathy and Aditya Khosla and Michael Bernstein and Alexander C. Berg and Li Fei-Fei},
	Title = {{ImageNet Large Scale Visual Recognition Challenge}},
	Year = {2015},
	journal   = {International Journal of Computer Vision (IJCV)},
	doi = {10.1007/s11263-015-0816-y},
	volume={115},
	number={3},
	pages={211-252}
}


@INPROCEEDINGS{guo:angel-eye,
author={K. {Guo} and L. {Sui} and J. {Qiu} and S. {Yao} and S. {Han} and Y. {Wang} and H. {Yang}},
booktitle={2016 IEEE Computer Society Annual Symposium on VLSI (ISVLSI)},
title={Angel-Eye: A Complete Design Flow for Mapping CNN onto Customized Hardware},
year={2016},
volume={},
number={},
pages={24-29},
keywords={application specific integrated circuits;computer architecture;convolution;field programmable gate arrays;neural nets;Angel-Eye;design flow;CNN mapping;customized hardware;convolutional neural network;hardware designs;FPGA;ASIC;programmable CNN processor architecture;Zynq XC7Z045 platform;power efficiency;face detection;XC7Z020;Hardware;Kernel;Quantization (signal);Feature extraction;Neural networks;Field programmable gate arrays;Computer architecture;CNN;FPGA},
doi={10.1109/ISVLSI.2016.129},
month={July}
}
%note = {Angel-Eye: accelerator architecture for CNNs}

@article{Yolov1_DBLP:journals/corr/RedmonDGF15,
	author    = {Joseph Redmon and
	Santosh Kumar Divvala and
	Ross B. Girshick and
	Ali Farhadi},
	title     = {You Only Look Once: Unified, Real-Time Object Detection},
	journal   = {CoRR},
	volume    = {abs/1506.02640},
	year      = {2015},
	url       = {http://arxiv.org/abs/1506.02640},
	archivePrefix = {arXiv},
	eprint    = {1506.02640},
	timestamp = {Mon, 13 Aug 2018 16:48:08 +0200},
	biburl    = {https://dblp.org/rec/bib/journals/corr/RedmonDGF15},
	bibsource = {dblp computer science bibliography, https://dblp.org}
}

@article{Yolov2_redmon2016yolo9000,
	title={YOLO9000: Better, Faster, Stronger},
	author={Redmon, Joseph and Farhadi, Ali},
	journal={arXiv preprint arXiv:1612.08242},
	year={2016}
}

@article{yolov3,
	title={YOLOv3: An Incremental Improvement},
	author={Redmon, Joseph and Farhadi, Ali},
	journal = {arXiv},
	year={2018}
}

@misc{yolov3_repo,
	author       = {Joseph Redmond},
	title        = {{darknet}},
	year         = 2018,
	publisher    = {GitHub},
	howpublished = {\url{https://github.com/pjreddie/darknet}},
	commit		 = {61c9d02ec461e30d55762ec7669d6a1d3c356fb2}
}

@article{ResNet_2015DBLP:journals/corr/HeZRS15,
	author    = {Kaiming He and
	Xiangyu Zhang and
	Shaoqing Ren and
	Jian Sun},
	title     = {Deep Residual Learning for Image Recognition},
	journal   = {CoRR},
	volume    = {abs/1512.03385},
	year      = {2015},
	url       = {http://arxiv.org/abs/1512.03385},
	archivePrefix = {arXiv},
	eprint    = {1512.03385},
	timestamp = {Wed, 17 Apr 2019 17:23:45 +0200},
	biburl    = {https://dblp.org/rec/bib/journals/corr/HeZRS15},
	bibsource = {dblp computer science bibliography, https://dblp.org}
}

% Yolov3 grid cell image credit
@misc{Kathuria_yolov3_explained,
	author       = {Ayoosh Kathuria},
	title        = {What's new in YOLOv3?},
	month		 = Apr,
	year         = 2018,
	publisher    = {Medium},
	howpublished = {\url{https://medium.com/analytics-vidhya/yolo-v3-theory-explained-33100f6d193}, Visited in 22 Nov 2019},
	notes		 = {Visited in 22 Nov 2019}
}

% mAP image credit
@misc{mAP,
	author       = {Jonathan Hui},
	title        = {mAP (mean Average Precision) for Object Detection},
	month		 = Mar,
	year         = 2018,
	publisher    = {Medium},
	howpublished = {\url{https://medium.com/@jonathan_hui/map-mean-average-precision-for-object-detection-45c121a31173}, Visited in 7 Jan 2020},
	notes		 = {Visited in 22 Nov 2019}
}

% IoU image credit
@misc{IoU_image_credit,
	author       = {Analytics Vidhya},
	title        = {Yolov3 theory explained},
	month		 = Jul,
	year         = 2019,
	publisher    = {Medium},
	howpublished = {\url{https://medium.com/analytics-vidhya/yolo-v3-theory-explained-33100f6d193}, Visited in 22 Nov 2019},
	notes		 = {Visited in 22 Nov 2019}
}

@inproceedings{Yang_Energy-prunning,
	author = {Yang, Tien-Ju and Chen, Yu-Hsin and Sze, Vivienne},
	year = {2017},
	month = {07},
	pages = {6071-6079},
	title = {Designing Energy-Efficient Convolutional Neural Networks Using Energy-Aware Pruning},
	doi = {10.1109/CVPR.2017.643}
}


@article{coco:Microsoft,
	author    = {Tsung{-}Yi Lin and
	Michael Maire and
	Serge J. Belongie and
	Lubomir D. Bourdev and
	Ross B. Girshick and
	James Hays and
	Pietro Perona and
	Deva Ramanan and
	Piotr Doll{\'{a}}r and
	C. Lawrence Zitnick},
	title     = {Microsoft {COCO:} Common Objects in Context},
	journal   = {CoRR},
	volume    = {abs/1405.0312},
	year      = {2014},
	url       = {http://arxiv.org/abs/1405.0312},
	archivePrefix = {arXiv},
	eprint    = {1405.0312},
	timestamp = {Mon, 13 Aug 2018 16:48:13 +0200},
	biburl    = {https://dblp.org/rec/bib/journals/corr/LinMBHPRDZ14},
	bibsource = {dblp computer science bibliography, https://dblp.org}
}

@inproceedings{Ma:ALAMO,
	author={ {Yufei Ma} and N. {Suda} and {Yu Cao} and J. {Seo} and S. {Vrudhula}},
	booktitle={2016 26th International Conference on Field Programmable Logic and Applications (FPL)},
	title={Scalable and modularized RTL compilation of Convolutional Neural Networks onto FPGA},
	year={2016},
	volume={},
	number={},
	pages={1-8},
	keywords={feature extraction;field programmable gate arrays;learning (artificial intelligence);neural nets;program compilers;modularized scalable hardware acceleration;throughput improvement;NIN-CNN model;AlexNet model;Altera Stratix-V GXA7 FPGA;throughput optimization;complier design strategy;quantitative analysis;deep learning algorithms;high-level synthesis;efficiency improvement;hardware-level design;throughput maximization;parallelism maximization;FPGA resource allocation;portable system;convolutional neural networks;scalable-modularized RTL compilation;Field programmable gate arrays;Convolution;Hardware;Kernel;Acceleration;Memory management;Algorithm design and analysis;Convolutional neural networks;FPGA;hardware acceleration},
	doi={10.1109/FPL.2016.7577356},
	ISSN={1946-1488},
	month={Aug},}

@misc{NIN:cnnModel,
	title={Network In Network},
	author={Min Lin and Qiang Chen and Shuicheng Yan},
	year={2013},
	eprint={1312.4400},
	archivePrefix={arXiv},
	primaryClass={cs.NE}
}



@inproceedings{CGRA:Overview2016_wijtvliet,
	author={M. {Wijtvliet} and L. {Waeijen} and H. {Corporaal}},
	booktitle={2016 International Conference on Embedded Computer Systems: Architectures, Modeling and Simulation (SAMOS)},
	title={Coarse grained reconfigurable architectures in the past 25 years: Overview and classification},
	year={2016},
	volume={},
	number={},
	pages={235-244},
	keywords={field programmable gate arrays;reconfigurable architectures;coarse grained reconfigurable architecture;CGRA;field programmable gate array;FPGA;Computer architecture;Field programmable gate arrays;Program processors;Hardware;Dynamic scheduling;Performance evaluation;Logic gates;Coarse Grain Reconfigurable Architecture;CGRA;Classification},
	doi={10.1109/SAMOS.2016.7818353},
	ISSN={null},
	month={July},}


@unpublished{VMario:Deep_Versat,
  author = {V. MÃ¡rio},
  title  = {Deep Versat: A Deep Coarse Grain Reconfigurable Array},
  note   = {Master's Thesis},
  month  = {November},
  year   = {2017}
}

@mastersthesis{JDLopes:Thesis_Versat,
  author  = {J. D. Lopes},
  title   = {Versat, a compile-friendly reconfigurable processor-architecture},
  school  = {Instituto Superior TÃ©cnico},
  year    = {2017},
  type    = {},
  address = {},
  month   = {},
  note    = {}
}

@misc{darknet13,
	author =   {Joseph Redmon},
	title =    {Darknet: Open Source Neural Networks in C},
	howpublished = {\url{http://pjreddie.com/darknet/}},
	year = {2013--2016}
}

@article{R-CNN,
	author    = {Ross B. Girshick and
	Jeff Donahue and
	Trevor Darrell and
	Jitendra Malik},
	title     = {Rich feature hierarchies for accurate object detection and semantic
	segmentation},
	journal   = {CoRR},
	volume    = {abs/1311.2524},
	year      = {2013},
	url       = {http://arxiv.org/abs/1311.2524},
	archivePrefix = {arXiv},
	eprint    = {1311.2524},
	timestamp = {Mon, 13 Aug 2018 16:48:09 +0200},
	biburl    = {https://dblp.org/rec/bib/journals/corr/GirshickDDM13},
	bibsource = {dblp computer science bibliography, https://dblp.org}
}

@article{Fast_R-CNN,
	author    = {Ross B. Girshick},
	title     = {Fast {R-CNN}},
	journal   = {CoRR},
	volume    = {abs/1504.08083},
	year      = {2015},
	url       = {http://arxiv.org/abs/1504.08083},
	archivePrefix = {arXiv},
	eprint    = {1504.08083},
	timestamp = {Mon, 13 Aug 2018 16:49:11 +0200},
	biburl    = {https://dblp.org/rec/bib/journals/corr/Girshick15},
	bibsource = {dblp computer science bibliography, https://dblp.org}
}

@article{Faster_R-CNN,
	author    = {Shaoqing Ren and
	Kaiming He and
	Ross B. Girshick and
	Jian Sun},
	title     = {Faster {R-CNN:} Towards Real-Time Object Detection with Region Proposal
	Networks},
	journal   = {CoRR},
	volume    = {abs/1506.01497},
	year      = {2015},
	url       = {http://arxiv.org/abs/1506.01497},
	archivePrefix = {arXiv},
	eprint    = {1506.01497},
	timestamp = {Mon, 13 Aug 2018 16:46:02 +0200},
	biburl    = {https://dblp.org/rec/bib/journals/corr/RenHG015},
	bibsource = {dblp computer science bibliography, https://dblp.org}
}

@article{FPN_FRCN,
	author    = {Tsung{-}Yi Lin and
	Piotr Doll{\'{a}}r and
	Ross B. Girshick and
	Kaiming He and
	Bharath Hariharan and
	Serge J. Belongie},
	title     = {Feature Pyramid Networks for Object Detection},
	journal   = {CoRR},
	volume    = {abs/1612.03144},
	year      = {2016},
	url       = {http://arxiv.org/abs/1612.03144},
	archivePrefix = {arXiv},
	eprint    = {1612.03144},
	timestamp = {Mon, 13 Aug 2018 16:48:50 +0200},
	biburl    = {https://dblp.org/rec/bib/journals/corr/LinDGHHB16},
	bibsource = {dblp computer science bibliography, https://dblp.org}
}

@article{Focal_Loss,
	author    = {Tsung{-}Yi Lin and
	Priya Goyal and
	Ross B. Girshick and
	Kaiming He and
	Piotr Doll{\'{a}}r},
	title     = {Focal Loss for Dense Object Detection},
	journal   = {CoRR},
	volume    = {abs/1708.02002},
	year      = {2017},
	url       = {http://arxiv.org/abs/1708.02002},
	archivePrefix = {arXiv},
	eprint    = {1708.02002},
	timestamp = {Mon, 13 Aug 2018 16:46:12 +0200},
	biburl    = {https://dblp.org/rec/bib/journals/corr/abs-1708-02002},
	bibsource = {dblp computer science bibliography, https://dblp.org}
}

@article{VGG,
	author = {Simonyan, Karen and Zisserman, Andrew},
	year = {2014},
	month = {09},
	pages = {},
	title = {Very Deep Convolutional Networks for Large-Scale Image Recognition},
	journal = {arXiv 1409.1556}
}

@inproceedings{Ma_comp_ref8,
	author = {Zhang, Chen and Wu, Di and Sun, Jiayu and Sun, Guangyu and Luo, Guojie and Cong, Jason},
	year = {2016},
	month = {08},
	pages = {326-331},
	title = {Energy-Efficient CNN Implementation on a Deeply Pipelined FPGA Cluster:},
	doi = {10.1145/2934583.2934644}
}
@inproceedings{Ma_comp_ref9,
	author = {Suda, Naveen and Chandra, Vikas and Dasika, Ganesh and Mohanty, Abinash and Ma, Yufei and Vrudhula, Sarma and Seo, Jae-sun and Cao, Yu},
	year = {2016},
	month = {02},
	pages = {16-25},
	title = {Throughput-Optimized OpenCL-based FPGA Accelerator for Large-Scale Convolutional Neural Networks},
	doi = {10.1145/2847263.2847276}
}

@inproceedings{Ma_comp_ref10,
	author = {Qiu, Jiantao and Song, Sen and Wang, Yu and Yang, Huazhong and Wang, Jie and Yao, Song and Guo, Kaiyuan and Li, Boxun and Zhou, Erjin and Yu, Jincheng and Tang, Tianqi and Xu, Ningyi},
	year = {2016},
	month = {02},
	pages = {26-35},
	title = {Going Deeper with Embedded FPGA Platform for Convolutional Neural Network},
	doi = {10.1145/2847263.2847265}
}

@article{Non-linear_act,
	author = {Cybenko, George},
	year = {1989},
	month = {12},
	pages = {303-314},
	title = {Approximation by superpositions of a sigmoidal function. Math Cont Sig Syst (MCSS) 2:303-314},
	volume = {2},
	journal = {Mathematics of Control, Signals, and Systems},
	doi = {10.1007/BF02551274}
}

@inproceedings{Hal_model_reduction_ref9,
	author = {Qiu, Jiantao and Song, Sen and Wang, Yu and Yang, Huazhong and Wang, Jie and Yao, Song and Guo, Kaiyuan and Li, Boxun and Zhou, Erjin and Yu, Jincheng and Tang, Tianqi and Xu, Ningyi},
	year = {2016},
	month = {02},
	pages = {26-35},
	title = {Going Deeper with Embedded FPGA Platform for Convolutional Neural Network},
	doi = {10.1145/2847263.2847265}
}

@inproceedings{Hal_model_reduction_ref7,
	author = {Nurvitadhi, Eriko and Subhaschandra, Suchit and Boudoukh, Guy and Venkatesh, Ganesh and Sim, Jaewoong and Marr, Debbie and Huang, Randy and Hock, Jason and Liew, Yeong and Srivatsan, Krishnan and Moss, Duncan},
	year = {2017},
	month = {02},
	pages = {5-14},
	title = {Can FPGAs Beat GPUs in Accelerating Next-Generation Deep Neural Networks?},
	doi = {10.1145/3020078.3021740}
}

@inproceedings{Hal_model_reduction_ref45,
	author = {Fujii, Tomoya and Sato, Simpei and Nakahara, Hiroki and Motomura, Masato},
	year = {2017},
	month = {03},
	pages = {268-280},
	title = {An FPGA Realization of a Deep Convolutional Neural Network Using a Threshold Neuron Pruning},
	isbn = {978-3-319-56257-5},
	doi = {10.1007/978-3-319-56258-2_23}
}

%%%%%%%%%%%%%%%%%%%%%%%%%%%%%%%%%%%%%%%%%%%%%%%%%%%%%%%%%%
%Examples from the template
%%%%%%%%%%%%%%%%%%%%%%%%%%%%%%%%%%%%%%%%%%%%%%%%%%%%%%%%%%
@book{nocedal:opt,
  author    = {Jorge Nocedal and Stephen J. Wright},
  title     = {Numerical optimization},
  publisher = {Springer},
  year      = {2006},
  edition   = {$2^{nd}$},
  note      = {ISBN:978-0387303031}
}

@incollection{jameson:adjointns,
  author    = {Antony Jameson and Niles A. Pierce and Luigi Martinelli},
  title     = {Optimum Aerodynamic Design using the {Navier}--{S}tokes Equations},
  booktitle = {Theoretical and Computational Fluid Dynamics},
  publisher = {Springer-Verlag GmbH},
  year      = {1998},
  volume    = {10},
  pages     = {213--237},
  month     = jan
}

@article{marta:ijcfd,
   author  = {A. C. Marta and C. A. Mader and J. R. R. A. Martins and E. van der Weide and J. J. Alonso},
   title   = {A methodology for the development of discrete adjoint solvers using automatic differentiation tools},
   journal = {International {J}ournal of {C}omputational {F}luid {D}ynamics},
   year    = {2007},
   volume  = {99},
   number  = {9--10},
   pages   = {307--327},
   month   = oct,
   note    = {doi:10.1080/10618560701678647}
}

@article{marta:ijcfd1,
   author  = {A. C. Marta},
   title   = {A methodology for the development of discrete adjoint solvers using automatic differentiation tools},
   journal = {International {J}ournal of {C}omputational {F}luid {D}ynamics},
   year    = {2007},
   volume  = {1},
   number  = {9--10},
   pages   = {307--327},
   month   = oct,
   note    = {doi:10.1080/10618560701678647}
}

@article{marta:ijcfd2,
   author  = {A. C. Marta},
   title   = {A methodology for the development of discrete adjoint solvers using automatic differentiation tools},
   journal = {International {J}ournal of {C}omputational {F}luid {D}ynamics},
   year    = {2007},
   volume  = {2},
   number  = {9--10},
   pages   = {307--327},
   month   = oct,
   note    = {doi:10.1080/10618560701678647}
}

@article{marta:ijcfd3,
   author  = {A. C. Marta and C. A. Mader and J. R. R. A. Martins and E. van der Weide and J. J. Alonso},
   title   = {A methodology for the development of discrete adjoint solvers using automatic differentiation tools},
   journal = {International {J}ournal of {C}omputational {F}luid {D}ynamics},
   year    = {2007},
   volume  = {3},
   number  = {9--10},
   pages   = {307--327},
   month   = oct,
   note    = {doi:10.1080/10618560701678647}
}

@article{marta:ijcfd4,
   author  = {A. C. Marta},
   title   = {A methodology for the development of discrete adjoint solvers using automatic differentiation tools},
   journal = {International {J}ournal of {C}omputational {F}luid {D}ynamics},
   year    = {2007},
   volume  = {4},
   number  = {9--10},
   pages   = {307--327},
   month   = oct,
   note    = {doi:10.1080/10618560701678647}
}

@article{marta:ijcfd5,
   author  = {A. C. Marta},
   title   = {A methodology for the development of discrete adjoint solvers using automatic differentiation tools},
   journal = {International {J}ournal of {C}omputational {F}luid {D}ynamics},
   year    = {2007},
   volume  = {5},
   number  = {9--10},
   pages   = {307--327},
   month   = oct,
   note    = {doi:10.1080/10618560701678647}
}

@article{marta:ijcfd6,
   author  = {A. C. Marta},
   title   = {A methodology for the development of discrete adjoint solvers using automatic differentiation tools},
   journal = {International {J}ournal of {C}omputational {F}luid {D}ynamics},
   year    = {2007},
   volume  = {6},
   number  = {9--10},
   pages   = {307--327},
   month   = oct,
   note    = {doi:10.1080/10618560701678647}
}

@article{marta:ijcfd7,
   author  = {A. C. Marta},
   title   = {A methodology for the development of discrete adjoint solvers using automatic differentiation tools},
   journal = {International {J}ournal of {C}omputational {F}luid {D}ynamics},
   year    = {2007},
   volume  = {7},
   number  = {9--10},
   pages   = {307--327},
   month   = oct,
   note    = {doi:10.1080/10618560701678647}
}

@article{marta:ijcfd8,
   author  = {A. C. Marta},
   title   = {A methodology for the development of discrete adjoint solvers using automatic differentiation tools},
   journal = {International {J}ournal of {C}omputational {F}luid {D}ynamics},
   year    = {2007},
   volume  = {8},
   number  = {9--10},
   pages   = {307--327},
   month   = oct,
   note    = {doi:10.1080/10618560701678647}
}

@article{marta:ijcfd9,
   author  = {A. C. Marta},
   title   = {A methodology for the development of discrete adjoint solvers using automatic differentiation tools},
   journal = {International {J}ournal of {C}omputational {F}luid {D}ynamics},
   year    = {2007},
   volume  = {9},
   number  = {9--10},
   pages   = {307--327},
   month   = oct,
   note    = {doi:10.1080/10618560701678647}
}

@article{marta:ijcfd10,
   author  = {A. C. Marta},
   title   = {A methodology for the development of discrete adjoint solvers using automatic differentiation tools},
   journal = {International {J}ournal of {C}omputational {F}luid {D}ynamics},
   year    = {2007},
   volume  = {10},
   number  = {9--10},
   pages   = {307--327},
   month   = oct,
   note    = {doi:10.1080/10618560701678647}
}

@article{marta:ijcfd11,
   author  = {A. C. Marta},
   title   = {A methodology for the development of discrete adjoint solvers using automatic differentiation tools},
   journal = {International {J}ournal of {C}omputational {F}luid {D}ynamics},
   year    = {2007},
   volume  = {11},
   number  = {9--10},
   pages   = {307--327},
   month   = oct,
   note    = {doi:10.1080/10618560701678647}
}

@article{marta:ijcfd12,
   author  = {A. C. Marta},
   title   = {A methodology for the development of discrete adjoint solvers using automatic differentiation tools},
   journal = {International {J}ournal of {C}omputational {F}luid {D}ynamics},
   year    = {2007},
   volume  = {12},
   number  = {9--10},
   pages   = {307--327},
   month   = oct,
   note    = {doi:10.1080/10618560701678647}
}

@article{marta:ijcfd13,
   author  = {A. C. Marta},
   title   = {A methodology for the development of discrete adjoint solvers using automatic differentiation tools},
   journal = {International {J}ournal of {C}omputational {F}luid {D}ynamics},
   year    = {2007},
   volume  = {13},
   number  = {9--10},
   pages   = {307--327},
   month   = oct,
   note    = {doi:10.1080/10618560701678647}
}

@article{marta:ijcfd14,
   author  = {A. C. Marta},
   title   = {A methodology for the development of discrete adjoint solvers using automatic differentiation tools},
   journal = {International {J}ournal of {C}omputational {F}luid {D}ynamics},
   year    = {2007},
   volume  = {14},
   number  = {9--10},
   pages   = {307--327},
   month   = oct,
   note    = {doi:10.1080/10618560701678647}
}

@article{marta:ijcfd15,
   author  = {A. C. Marta},
   title   = {A methodology for the development of discrete adjoint solvers using automatic differentiation tools},
   journal = {International {J}ournal of {C}omputational {F}luid {D}ynamics},
   year    = {2007},
   volume  = {15},
   number  = {9--10},
   pages   = {307--327},
   month   = oct,
   note    = {doi:10.1080/10618560701678647}
}

@article{marta:ijcfd16,
   author  = {A. C. Marta},
   title   = {A methodology for the development of discrete adjoint solvers using automatic differentiation tools},
   journal = {International {J}ournal of {C}omputational {F}luid {D}ynamics},
   year    = {2007},
   volume  = {16},
   number  = {9--10},
   pages   = {307--327},
   month   = oct,
   note    = {doi:10.1080/10618560701678647}
}

@article{marta:ijcfd17,
   author  = {A. C. Marta},
   title   = {A methodology for the development of discrete adjoint solvers using automatic differentiation tools},
   journal = {International {J}ournal of {C}omputational {F}luid {D}ynamics},
   year    = {2007},
   volume  = {17},
   number  = {9--10},
   pages   = {307--327},
   month   = oct,
   note    = {doi:10.1080/10618560701678647}
}

@article{marta:ijcfd18,
   author  = {A. C. Marta},
   title   = {A methodology for the development of discrete adjoint solvers using automatic differentiation tools},
   journal = {International {J}ournal of {C}omputational {F}luid {D}ynamics},
   year    = {2007},
   volume  = {18},
   number  = {9--10},
   pages   = {307--327},
   month   = oct,
   note    = {doi:10.1080/10618560701678647}
}

@article{marta:ijcfd19,
   author  = {A. C. Marta},
   title   = {A methodology for the development of discrete adjoint solvers using automatic differentiation tools},
   journal = {International {J}ournal of {C}omputational {F}luid {D}ynamics},
   year    = {2007},
   volume  = {19},
   number  = {9--10},
   pages   = {307--327},
   month   = oct,
   note    = {doi:10.1080/10618560701678647}
}

@article{marta:ijcfd20,
   author  = {A. C. Marta},
   title   = {A methodology for the development of discrete adjoint solvers using automatic differentiation tools},
   journal = {International {J}ournal of {C}omputational {F}luid {D}ynamics},
   year    = {2007},
   volume  = {20},
   number  = {9--10},
   pages   = {307--327},
   month   = oct,
   note    = {doi:10.1080/10618560701678647}
}

@article{marta:ijcfd21,
   author  = {A. C. Marta},
   title   = {A methodology for the development of discrete adjoint solvers using automatic differentiation tools},
   journal = {International {J}ournal of {C}omputational {F}luid {D}ynamics},
   year    = {2007},
   volume  = {21},
   number  = {9--10},
   pages   = {307--327},
   month   = oct,
   note    = {doi:10.1080/10618560701678647}
}

@article{marta:ijcfd22,
   author  = {A. C. Marta},
   title   = {A methodology for the development of discrete adjoint solvers using automatic differentiation tools},
   journal = {International {J}ournal of {C}omputational {F}luid {D}ynamics},
   year    = {2007},
   volume  = {22},
   number  = {9--10},
   pages   = {307--327},
   month   = oct,
   note    = {doi:10.1080/10618560701678647}
}

@article{marta:ijcfd23,
   author  = {A. C. Marta},
   title   = {A methodology for the development of discrete adjoint solvers using automatic differentiation tools},
   journal = {International {J}ournal of {C}omputational {F}luid {D}ynamics},
   year    = {2007},
   volume  = {23},
   number  = {9--10},
   pages   = {307--327},
   month   = oct,
   note    = {doi:10.1080/10618560701678647}
}

@article{marta:ijcfd24,
   author  = {A. C. Marta},
   title   = {A methodology for the development of discrete adjoint solvers using automatic differentiation tools},
   journal = {International {J}ournal of {C}omputational {F}luid {D}ynamics},
   year    = {2007},
   volume  = {24},
   number  = {9--10},
   pages   = {307--327},
   month   = oct,
   note    = {doi:10.1080/10618560701678647}
}

@article{marta:ijcfd25,
   author  = {A. C. Marta},
   title   = {A methodology for the development of discrete adjoint solvers using automatic differentiation tools},
   journal = {International {J}ournal of {C}omputational {F}luid {D}ynamics},
   year    = {2007},
   volume  = {25},
   number  = {9--10},
   pages   = {307--327},
   month   = oct,
   note    = {doi:10.1080/10618560701678647}
}

@article{marta:ijcfd26,
   author  = {A. C. Marta},
   title   = {A methodology for the development of discrete adjoint solvers using automatic differentiation tools},
   journal = {International {J}ournal of {C}omputational {F}luid {D}ynamics},
   year    = {2007},
   volume  = {26},
   number  = {9--10},
   pages   = {307--327},
   month   = oct,
   note    = {doi:10.1080/10618560701678647}
}

@article{marta:ijcfd27,
   author  = {A. C. Marta},
   title   = {A methodology for the development of discrete adjoint solvers using automatic differentiation tools},
   journal = {International {J}ournal of {C}omputational {F}luid {D}ynamics},
   year    = {2007},
   volume  = {27},
   number  = {9--10},
   pages   = {307--327},
   month   = oct,
   note    = {doi:10.1080/10618560701678647}
}

@article{marta:ijcfd28,
   author  = {A. C. Marta2},
   title   = {A methodology for the development of discrete adjoint solvers using automatic differentiation tools},
   journal = {International {J}ournal of {C}omputational {F}luid {D}ynamics},
   year    = {2007},
   volume  = {28},
   number  = {9--10},
   pages   = {307--327},
   month   = oct,
   note    = {doi:10.1080/10618560701678647}
}

@article{marta:ijcfd29,
   author  = {A. C. Marta2},
   title   = {A methodology for the development of discrete adjoint solvers using automatic differentiation tools},
   journal = {International {J}ournal of {C}omputational {F}luid {D}ynamics},
   year    = {2007},
   volume  = {29},
   number  = {9--10},
   pages   = {307--327},
   month   = oct,
   note    = {doi:10.1080/10618560701678647}
}

@article{marta:ijcfd30,
   author  = {A. C. Marta2},
   title   = {A methodology for the development of discrete adjoint solvers using automatic differentiation tools},
   journal = {International {J}ournal of {C}omputational {F}luid {D}ynamics},
   year    = {2007},
   volume  = {30},
   number  = {9--10},
   pages   = {307--327},
   month   = oct,
   note    = {doi:10.1080/10618560701678647}
}


