% This file was created with JabRef 2.5.
% Encoding: Cp1252

@ARTICLE{Franca2006,
  author = {J.E. Franca and P.G. Ruiz},
  title = {They should be written using the standard rules of the IEEE publications},
  journal = {Sample Document},
  year = {2006},
  pages = {1-2},
  month = {December},
  owner = {Nelson},
  timestamp = {2009.12.03}
}

@ARTICLE{Garcia2005,
  author = {M.I. García},
  title = {Here we indicate how the references should appear in your manuscript},
  journal = {CDE News, Rome},
  year = {2005},
  pages = {1-2},
  month = {December},
  owner = {Nelson},
  timestamp = {2009.12.03}
}

@comment{jabref-meta: selector_publisher:}

@comment{jabref-meta: selector_author:}

@comment{jabref-meta: selector_journal:}

@comment{jabref-meta: selector_keywords:}

